2850 4686
502 319 722 377 „61-

76 516 108 574 ΙΙ
137 517 239 588 32,59
268 515 355 586 darre,
392 514 436 572 Ill
466 514 544 587 3,32
573 531 725 586 yorycrrao,
760 512 804 569 Ill
834 513 913 585 5,24
942 511 1088 586 Sparserat
1112 516 1147 583 et,

76 623 125 681 ΙΙΙ
157 625 204 695 13,
214 623 254 680 24
283 621 426 692 enhadda,
456 620 502 678 HI
532 621 632 691 21,19
662 619 771 696 lychae,
801 617 843 676 IV
873 621 953 688 4,55
977 618 1145 692 par-tanna,

77 730 123 788 IV
149 731 226 801 5,21
253 730 456 800 (loramentum,
480 726 522 785 lV
550 729 605 799 7,ss
631 727 767 798 Nosalene,
797 726 839 782 IV
866 727 943 797 7,33
973 725 1146 799 ltpacirrclos,

75 837 121 895 IV
148 839 226 910 7,57
251 836 432 911 claternam.

168 943 301 1001 Fortasse
337 942 425 1000 etiam
460 941 592 999 arbitrari
628 958 788 1015 possumus
823 939 850 997 L
889 939 998 996 codicis
1037 939 1145 997 iontem

75 1051 269 1109 vetustiorem
289 1050 382 1107 fuisse
403 1051 483 1106 fonte
498 1049 534 1105 N
544 1048 663 1118 codicis,
688 1052 720 1104 ut
740 1046 769 1103 in
786 1065 820 1104 eo
837 1047 988 1103 ambarum
1008 1046 1147 1103 classium

74 1177 97 1215 x
129 1162 159 1215 et
189 1176 209 1230 y
242 1156 399 1232 peculiaria
435 1155 563 1212 noudum
601 1159 734 1229 separata
769 1153 885 1210 luerint.
939 1152 1005 1210 Non
1037 1153 1146 1210 multae

75 1264 198 1341 quidem
223 1263 274 1321 sed
299 1262 454 1320 nonnullae
478 1269 574 1320 tamen
599 1260 740 1319 lectiones
764 1260 887 1335 proferri
912 1267 1044 1334 possunt,
1073 1278 1146 1336 quae

73 1371 115 1430 ad
130 1372 205 1430 hanc
222 1370 397 1429 sententiam
413 1370 589 1426 firmandam
616 1368 739 1440 valeant,
764 1368 791 1425 L
806 1369 981 1426 vetustiores
1004 1368 1147 1426 lectiones

73 1497 167 1555 qrram
190 1483 303 1536 ceteros
327 1477 443 1534 codices
460 1494 595 1534 servasse
613 1481 658 1533 ut:
684 1475 713 1532 ll
737 1477 814 1546 ato
841 1476 984 1550 scriptum
1011 1475 1146 1532 videmus

74 1586 108 1643 in
132 1585 159 1641 L
182 1585 309 1660 quidem,
334 1584 363 1640 in
387 1583 448 1640 NN
466 1583 607 1658 roalderia,
633 1582 663 1639 in
687 1581 751 1638 DV
769 1581 874 1640 cadem.
922 1581 1013 1639 Plane
1037 1587 1145 1639 rectam
1243 1611 1244 1615 ,

76 1692 199 1768 quidem
223 1691 373 1749 lectionem
398 1690 479 1748 nullo
503 1691 532 1746 in
553 1690 652 1748 codice
675 1689 850 1760 invenimus
879 1689 931 1746 sed
955 1689 1094 1763 optimam
1120 1689 1147 1744 L

78 1800 210 1875 praehet,
234 1799 319 1856 cuius
343 1798 371 1853 in
396 1797 519 1855 lectione
543 1797 713 1871 genuinum,
738 1796 816 1871 quod
840 1802 886 1854 est
910 1795 1039 1870 paridam,
1065 1795 1143 1853 latet.

77 1905 195 1965 Deinde
219 1905 264 1963 ΙΙΙ
288 1907 316 1978 3,
331 1907 365 1962 ll
392 1905 419 1961 L
446 1904 599 1978 archetypi
628 1903 802 1978 scripturam
827 1921 961 1961 servasse
986 1902 1144 1961 verisimile

74 2018 134 2086 est,
162 2032 228 2071 oum
258 2013 346 2070 locres
373 2012 518 2083 exhibeat,
546 2030 602 2087 qua
631 2012 661 2068 in
689 2012 815 2069 lectione
844 2012 990 2069 consentit
1018 2030 1084 2069 cum
1107 2012 1144 2069 H,

73 2120 154 2180 Nam
177 2119 246 2196 quin
270 2119 305 2176 ad
331 2120 407 2176 hanc
430 2118 493 2175 LII
511 2118 664 2176 lectionem
689 2118 781 2190 inciae,
810 2119 889 2194 quod
913 2119 948 2176 N
965 2119 1090 2190 exhibet,
1115 2124 1145 2176 et

76 2227 201 2298 alonae,
237 2226 315 2302 quod
350 2226 379 2282 in
409 2225 473 2282 DV
498 2225 637 2301 scriptum
686 2225 833 2297 videmus,
869 2226 1039 2283 referendae
1075 2226 1143 2297 sint,
1176 2237 1178 2241 ’

75 2333 201 2392 dubium
238 2351 295 2391 non
334 2338 380 2391 est
416 2333 559 2408 facileque
595 2333 778 2408 explanatur.
835 2332 993 2390 Florentini
1029 2350 1144 2408 quoque

74 2440 189 2499 codicis
220 2439 374 2497 lectionem
407 2438 480 2496 lares
512 2457 568 2496 non
599 2439 756 2513 genuinam
790 2439 841 2496 sed
872 2457 926 2514 per
948 2444 1144 2496 correcturam

76 2553 171 2606 ortam
207 2564 273 2605 esse
312 2547 462 2604 contendo.
520 2546 615 2605 Simili
654 2546 739 2603 modo
774 2546 820 2603 lll
857 2547 935 2617 18st
974 2545 1000 2602 L
1035 2546 1146 2604 codicis

830 2630 838 2668 r

77 2691 235 2749 lectionem
250 2691 311 2748 haia
327 2690 451 2766 priorem
475 2707 540 2748 esse
565 2690 709 2765 scriptura
726 2690 760 2747 N
771 2690 834 2761 harpe
850 2694 880 2746 et
896 2689 927 2746 F
947 2689 1007 2745 hoto
1031 2656 1155 2746 certum

77 2802 134 2856 est.
173 2797 286 2856 Deinde
302 2798 328 2854 L
344 2815 382 2854 ex
397 2797 553 2855 vetustiore
578 2799 656 2855 fonte
679 2797 804 2855 fluxisse
827 2797 882 2854 hae
899 2797 1048 2867 lectiones,
1071 2814 1145 2872 quas

74 2922 157 2963 nunc
172 2903 274 2979 paucis
291 2904 443 2978 attingam,
457 2904 586 2962 indicare
603 2905 746 2962 videntur.
776 2903 850 2961 Nam
866 2904 880 2960 I
896 2905 970 2975 9,11
994 2903 1145 2961 rairnerma'

75 3011 220 3085 scriptum
239 3010 375 3068 videmus
391 3010 421 3067 in
439 3010 473 3082 L,
493 3029 580 3085 quam
596 3010 633 3067 ad
648 3011 811 3082 lectionem,
828 3011 858 3067 id
874 3010 952 3086 quod
971 3032 995 3088 φ
1012 3012 1146 3086 praehet,

73 3117 228 3174 racanati
260 3118 287 3173 A
319 3117 473 3174 aasmartat
504 3117 576 3189 DV,
613 3117 740 3192 respicit.
795 3117 899 3193 ltaque
932 3118 959 3173 L
995 3118 1144 3192 archetypi

74 3223 251 3298 scripturam
284 3240 418 3281 servasse
449 3230 528 3298 puto,
560 3243 626 3281 cum
658 3224 829 3296 instaurant,
858 3224 934 3299 quod
960 3224 995 3280 N
1018 3224 1146 3296 exhibet,

74 3335 180 3406 postea
205 3337 300 3387 ortum
324 3329 369 3387 sit.
410 3330 485 3388 Item
510 3331 524 3388 l
550 3332 627 3402 aut
645 3331 672 3387 L
688 3330 845 3404 genuinam
869 3330 1021 3406 archetypi
1045 3330 1146 3388 lectio-

74 3455 143 3494 nem
174 3436 302 3509 tradidit,
331 3456 398 3494 cum
430 3438 545 3494 mitanis
574 3438 697 3514 (arnapa
732 3437 758 3493 V
781 3457 838 3511 any.
862 3457 892 3494 an
924 3438 955 3511 2)
986 3438 1145 3508 exhiberet,

73 3543 156 3620 quod
179 3543 296 3619 quidem
315 3550 414 3618 postea
431 3545 458 3600 in
474 3545 590 3602 minius
606 3545 735 3602 radendo
760 3545 889 3603 correxit
912 3545 989 3619 (vide
1007 3546 1065 3603 tab.
1084 3545 1145 3620 Vl),

75 3651 149 3709 item
175 3650 203 3707 ll
232 3653 330 3723 13,38
351 3651 453 3727 pitha'y',
479 3651 507 3708 ll
533 3654 612 3724 aaa
632 3671 756 3727 peraque
781 3651 826 3731 (H
844 3652 870 3708 V
889 3672 917 3709 m
936 3655 976 3727 2),
1001 3653 1041 3710 lV
1067 3654 1145 3723 8,39

72 3756 260 3815 chamanto
282 3759 392 3832 priores
409 3758 550 3816 lectiones
570 3779 656 3835 quam
674 3759 886 3835 Neapolitanus
903 3760 995 3818 codex
1009 3760 1145 3817 ostemlit.

73 3863 191 3922 Deinde
222 3863 267 3920 ΙΙΙ
293 3866 347 3935 6,3
380 3865 407 3921 L
435 3865 585 3923 moliorem
623 3866 775 3923 lectionem
809 3866 939 3935 exhihet,
981 3867 1034 3923 hoc
1067 3867 1144 3924 enim

71 3973 141 4032 loco
171 3971 255 4029 Num
285 3971 315 4029 in
343 3991 364 4029 x
394 3973 517 4046 exstitit,
550 3974 630 4050 quod
659 3974 695 4032 N
719 3974 793 4032 falso
821 3992 873 4049 per
901 3974 971 4031 Non
993 3974 1144 4050 explicuit,
