2850 4686
553 401 773 460 —10-

126 580 310 655 exemplaris
335 593 506 653 vetustioris
529 614 585 654 non
609 596 714 656 iniuria
737 599 861 657 rettulit.
909 598 984 658 Nam
1010 601 1040 659 in
1066 602 1220 665 Lusatico

127 697 234 743 versus
264 689 304 750 ita
333 695 470 774 dispositi
499 708 579 776 sunt,
610 710 644 763 ut
673 706 835 763 breviorum
868 725 1005 766 versuum
1040 710 1127 769 initia
1163 733 1222 789 per

127 787 218 848 unius
243 797 291 854 vel
316 801 444 866 duarum
467 808 631 868 litterarum
656 812 783 887 spatium
799 814 835 870 ab
856 814 939 872 initio
964 815 1219 879 hexametrorum

128 894 321 965 reducantur.
361 912 467 975 Paucis
483 923 579 976 autem
603 919 676 977 locis
700 919 836 978 librarius
848 922 885 978 ab
909 921 965 979 hoc
980 940 1036 980 usu
1051 925 1220 998 aberravit,

127 1000 214 1061 Ollius
239 1017 348 1076 erroris
372 1039 461 1082 causa
485 1025 655 1102 plerumque
679 1031 725 1084 est
748 1032 800 1084 aut
816 1027 934 1085 omissio
959 1028 1048 1087 unius
1066 1030 1116 1088 vel
1134 1051 1221 1092 corn-

128 1104 261 1178 Plffl‘illm
279 1138 419 1188 versuum
436 1133 672 1191 antecedentium
689 1138 722 1190 ut
739 1133 759 1190 Ι.
779 1135 845 1206 7,4.
868 1134 905 1191 ΙΙ.
926 1136 953 1207 7,
965 1137 994 1205 8,
1016 1138 1128 1210 lass.
1159 1141 1218 1199 ΙΙΙ.

132 1212 1220 1318 1260‚ss2‚4,21‚14‚23‚23‚7.1V.aaaauteares‚qu0opentameter

131 1320 248 1393 rrimus
259 1350 368 1400 versus
379 1363 470 1405 novae
482 1347 602 1422 paginae
611 1353 656 1404 est
667 1352 700 1403 ut
712 1347 734 1404 I.
747 1349 774 1419 2,
786 1348 835 1422 16,
852 1350 900 1416 18,
909 1350 959 1407 28.
973 1349 1010 1407 H.
1025 1352 1140 1423 10,10.
1161 1354 1218 1413 [II.

132 1426 225 1506 aar,
244 1440 344 1521 ·6‚14,
371 1452 479 1526 raro.
509 1452 560 1510 ru.
587 1453 694 1525 roas.
726 1454 849 1512 uastant
873 1455 929 1513 1001
954 1455 975 1513 1.
1002 1459 1094 1529 sao,
1125 1457 1219 1534 11,s,

136 1534 185 1606 18,
198 1541 248 1600 14.
302 1551 355 1614 III.
386 1561 464 1628 2,29
498 1578 572 1636 qnos
607 1560 715 1635 primos
751 1579 855 1618 versus
891 1580 982 1620 novae
1017 1565 1147 1638 paginae
1186 1567 1218 1625 in

134 1653 301 1726 exemplari
327 1663 436 1726 librarii
460 1669 552 1726 fuisse
580 1675 659 1742 puto.
706 1665 762 1725 Sed
787 1668 922 1727 omnibus
946 1670 994 1727 his
1023 1671 1100 1729 locis
1131 1681 1217 1732 recta

135 1751 273 1830 ei'odeotg
297 1774 385 1844 paulo
409 1782 476 1852 post
499 1775 671 1833 restituitur.

228 1867 317 1935 Nunc
340 1884 485 1957 agendum
509 1887 554 1940 est
577 1881 613 1938 de
636 1882 817 1952 correcturis,
840 1901 916 1958 quae
941 1884 1013 1941 satis
1033 1885 1148 1944 multae
1173 1888 1218 1946 in-

141 1974 311 2057 veniuntur,
337 1991 386 2048 sed
412 1997 492 2050 tanta
516 2008 583 2048 cnm
606 2006 674 2045 cura
707 1989 808 2060 factae,
840 1995 872 2047 ut
895 1990 991 2065 primo
1025 1992 1134 2050 obtutu
1166 1995 1218 2052 vix

141 2091 281 2159 cognosci
305 2100 426 2170 possint.
473 2098 536 2171 Qua
564 2097 592 2154 in
620 2113 651 2153 re
679 2096 847 2172 complures
877 2103 1076 2156 correctorum
1106 2119 1218 2160 manus

139 2191 353 2265 discernendae
377 2215 444 2266 sunt
463 2207 510 2265 vel
534 2208 595 2264 tres
612 2202 659 2261 vel
682 2210 827 2280 quattuor.
855 2205 966 2281 Itaque,
989 2207 1062 2281 quid
1086 2208 1218 2283 singulis

142 2303 276 2367 manibus
307 2313 495 2374 tribuendum
526 2312 573 2383 sit,
604 2310 704 2386 paucis
735 2311 948 2370 demonstrabo.
988 2315 1099 2388 Atque
1119 2316 1217 2388 prima

144 2411 263 2487 quidem
297 2437 399 2480 manus
429 2423 490 2480 sive
522 2418 659 2477 librarius
686 2418 750 2494 ipse
777 2437 892 2478 errores
920 2420 949 2477 in
978 2426 1118 2478 contextu
1150 2422 1217 2497 ipso

143 2520 236 2582 factos
272 2546 487 2607 nonnumquam
526 2525 652 2586 correxit
683 2531 734 2583 aut
770 2527 967 2602 expungendo
1002 2533 1054 2584 aut
1089 2527 1217 2587 delendo

148 2628 263 2707 virgula
286 2637 410 2713 quadam
435 2637 546 2695 directa
569 2632 671 2710 posita.

235 2742 339 2803 Manus
369 2751 466 2804 autem
499 2741 644 2802 secundae
675 2740 799 2816 scriptor
826 2741 932 2798 iterum
963 2746 1056 2799 totum
1080 2742 1216 2800 codicem

146 2853 271 2911 correxit
300 2859 329 2912 et
356 2854 391 2911 ab
419 2852 469 2910 illo
498 2851 585 2910 etiam
615 2866 716 2905 versus
739 2868 755 2905 a
780 2867 816 2905 rn.
847 2852 860 2905 l
888 2848 989 2905 omissi
1021 2849 1049 2904 in
1082 2849 1217 2923 margine

148 2960 266 3020 suffecti
295 2965 371 3020 sunt.
419 2959 456 3016 Hi
484 2963 583 3016 autem
613 2973 714 3015 versus
743 2955 936 3016 inveniuntur:
960 2955 1091 3012 restituti
1122 2973 1216 3031 supra

148 3074 260 3130 textum
301 3069 415 3127 (luobus
452 3063 596 3141 exemplis
635 3063 658 3122 1.
691 3056 865 3142 scaeda.
917 3061 954 3119 Π.
986 3062 1101 3134 19,32,
1141 3062 1218 3120 infra

148 3183 261 3239 textum
289 3174 440 3235 duodecim
468 3173 490 3230 I.
516 3164 663 3250 3,21s22,
704 3172 767 3241 7,3.
811 3169 848 3227 ΙΙ.
880 3164 1028 3245 lacteo,
1062 3163 1217 3247 3,14115,

151 3290 217 3359 Μ,
244 3289 352 3360 11155,
377 3274 571 3358 2411137138,
597 3279 792 3350 32,14-16.
823 3277 874 3333 HI.
900 3277 988 3347 alc,
1017 3277 1217 3346 talc—21.

149 3396 201 3459 lv,
228 3387 375 3475 3‚48s49,
402 3389 489 3459 7,.53,
509 3387 568 3443 duo
591 3384 717 3459 denique
738 3384 766 3441 in
792 3383 922 3457 margine
941 3383 1021 3439 iuxta
1039 3387 1216 3441 contextum

150 3508 174 3568 Ι,
208 3504 295 3577 2,31,
347 3498 399 3557 IV.
430 3496 516 3567 7,53.
568 3493 671 3550 Restat
700 3498 796 3549 autem
829 3509 906 3547 unus
943 3507 1045 3547 versus
1073 3508 1098 3545 a.
1129 3507 1166 3546 m.
1202 3495 1215 3546 1

151 3611 278 3674 omissus
305 3607 357 3665 III.
383 3604 471 3676 23,6Ὶ
500 3601 549 3677 qui
580 3616 636 3656 non
664 3617 681 3655 a
715 3617 750 3655 m.
781 3599 798 3654 2
834 3597 976 3655 suffectus
1004 3613 1070 3654 esse
1099 3595 1220 3654 videtur

152 3721 205 3782 sed
228 3717 328 3795 potius
356 3733 372 3771 a
397 3730 433 3768 m.
457 3707 623 3766 recentiore.
661 3705 754 3763 Valde
778 3705 853 3762 enim
880 3703 1043 3761 litterarum
1067 3705 1160 3760 forma
1183 3705 1220 3762 ab

153 3831 214 3899 illa,
239 3845 297 3903 qua
313 3837 416 3881 manus
433 3817 559 3876 secunda
575 3820 605 3873 et
628 3814 714 3872 tertia
729 3819 858 3884 utuntur,
883 3813 1027 3870 abhorret.
1059 3810 1222 3883 Propterea

155 3941 277 4015 quartae
294 3929 390 3989 manui
414 3923 587 3984 tribuendus
610 3927 662 3980 est.
696 3921 847 3979 Sccumlao
864 3926 959 3978 mrtem
978 3935 1080 3975 monus
1095 3918 1222 3991 scriptor

156 4064 212 4106 non
238 4039 333 4100 solum
357 4035 480 4094 omissos
496 4048 598 4091 vorsus
620 4028 745 4099 suffecit,
769 4027 927 4091 sedetiam
953 4025 982 4082 in
1001 4029 1138 4082 contextu
1157 4026 1222 4105 ipso
