2850 4686
679 290 691 313 f

677 415 806 473 -66
857 449 897 458 .-

341 610 372 668 Π
399 611 476 682 13,7
503 627 612 683 moyam
635 627 688 685 pro
712 609 808 683 erupis
827 610 857 666 in
874 610 901 666 L
918 610 1083 669 exhibetur.
1128 610 1192 669 Hoe
1208 629 1329 688 quoque

254 717 317 776 loco
341 717 577 775 emendationem
602 716 723 774 libidine
746 717 852 775 laetam
874 717 1041 775 iudicemus
1057 736 1180 777 neeesse
1196 736 1256 777 non
1272 726 1330 792 est,

254 844 320 883 nam
355 830 475 901 propter
509 823 728 882 similitudinem
756 805 925 882 vlitterarum
960 824 1070 882 librarii
1104 843 1184 884 error
1216 826 1329 884 exoriri

254 932 358 1010 potuit.
405 931 516 989 Tamen
544 930 606 988 fieri
631 932 735 1006 potuit,
762 937 796 989 ut
820 931 954 990 librarius
978 932 1114 990 consulto
1137 933 1193 991 hoe
1215 952 1330 1007 imapum

254 1043 385 1114 poneret,
416 1044 449 1095 ut
479 1039 598 1096 haberet
628 1039 819 1111 adieetivum,
853 1039 932 1114 quod
956 1039 993 1096 ad
1017 1039 1135 1115 eyatlrio
1158 1040 1330 1113 pertineret.

343 1163 491 1220 Hactenus
515 1163 635 1239 quidem
659 1164 697 1220 de
716 1162 814 1220 dubiis
830 1163 916 1237 loeis;
942 1182 1019 1221 nuno
1036 1163 1193 1222 nonnullae
1208 1170 1332 1239 apertae

256 1268 494 1344 interpolationes
523 1269 691 1327 tractandae
720 1275 796 1327 sunt.
856 1269 885 1326 ΙΙ
917 1273 995 1338 1,51
1029 1270 1064 1328 Si
1092 1269 1331 1344 interpolationis

256 1377 383 1452 speeiem
421 1377 550 1450 praebet,
588 1395 653 1434 narn
688 1377 715 1432 L
749 1375 829 1434 solus
862 1376 937 1434 hano
960 1394 1060 1434 vocem
1094 1377 1123 1433 in
1155 1381 1331 1434 contextum

258 1482 375 1558 recepit,
400 1501 465 1540 eum
494 1501 555 1552 seu,
580 1482 657 1558 quod
685 1482 774 1540 ceteri
799 1484 947 1557 pmebent
971 1483 1144 1558 postuletur,
1169 1483 1333 1557 respondet

257 1590 336 1647 euim
359 1608 411 1646 seu
435 1593 465 1645 in
489 1608 513 1646 V.
539 1591 578 1646 51
605 1589 665 1646 illis
689 1607 739 1645 seu
764 1595 793 1646 et
817 1589 877 1645 sire
900 1589 927 1645 in
954 1608 979 1645 v.
1005 1590 1044 1645 53
1070 1589 1183 1663 positis.

346 1713 392 1772 ΙΙΙ
427 1715 506 1785 18,4
538 1718 644 1770 straete
674 1730 727 1788 pro
758 1718 866 1769 structo.
897 1713 1038 1787 seriptum
1072 1713 1219 1786 videmus,
1253 1733 1333 1789 qrme

260 1838 445 1914 interpolatio
488 1837 600 1895 laeilem
644 1838 732 1895 habet
772 1837 1009 1912 explicationem.
1072 1836 1220 1895 Librarius
1250 1839 1332 1896 enirn

259 1945 385 2002 litteram
416 1963 434 2001 a
465 1962 516 2019 pro
547 1963 568 2000 u
599 1944 673 2001 falso
705 1944 832 2019 scripsit,
866 1944 981 2016 deinde,
1013 1952 1166 2020 postquam
1199 1963 1332 2003 errorem

260 2051 412 2118 intellexit,
436 2050 533 2108 loeum
557 2051 597 2108 ita
622 2051 796 2123 emendavit,
820 2056 853 2108 ut
876 2070 890 2107 e
913 2050 1041 2108 litteram
1062 2058 1272 2126 suppungeret,
1299 2059 1334 2110 ut

261 2160 307 2216 ria
330 2163 421 2215 strata
444 2158 656 2216 rest'tueretur.

351 2283 394 2341 IV
420 2286 447 2355 1‚
460 2285 498 2342 65
526 2282 701 2341 Smadenlrs
732 2283 793 2339 usis
816 2283 844 2339 si
860 2283 927 2357 quis
1006 2282 1065 2340 Cur
1080 2282 1217 2340 librarius
1233 2284 1335 2358 mpura

260 2427 312 2484 pro
345 2409 494 2484 quiaquia,
531 2409 609 2484 quod
641 2409 751 2483 optime
782 2408 883 2466 sensui
916 2408 1063 2480 convenit,
1099 2407 1127 2464 in
1158 2413 1333 2466 eontextum

260 2515 415 2591 receperit,
447 2516 533 2590 plane
564 2516 720 2572 obscurum
751 2520 804 2572 est.
858 2513 916 2572 Sed
948 2515 1003 2572 hoe
1033 2515 1094 2571 iere
1126 2513 1211 2571 modo
1242 2513 1334 2572 inter-

260 2622 438 2697 polationem
467 2627 597 2679 exortam
627 2639 692 2679 esse
721 2627 799 2696 puto.
846 2621 996 2679 Librarius
1024 2621 1103 2679 enim
1131 2620 1162 2677 in
1191 2621 1335 2678 memoria

260 2730 379 2786 tenebat
411 2745 528 2785 versum
560 2727 641 2784 illum
667 2727 708 2786 IV
736 2729 836 2800 1,125
872 2728 1099 2803 Soundeutispue
1128 2727 1216 2798 arisi,
1252 2727 1333 2803 quod

260 2834 477 2892 demonstratur
501 2853 571 2892 roeo
594 2834 656 2891 osis
678 2834 753 2892 falso
777 2834 880 2909 posita,
905 2853 980 2910 <lirae
1004 2854 1020 2892 a
1043 2835 1159 2892 librario
1176 2834 1239 2910 ipso
1254 2834 1336 2893 iuter

261 2943 446 3000 scribendum
475 2942 568 3000 deleta
597 2949 650 3000 est.
699 2942 811 3000 Deinde
834 2961 871 3000 ex
895 2943 969 2999 osiel
992 2943 1105 3016 syllaba
1130 2942 1234 3000 ultima
1256 2943 1285 2999 si
1305 2945 1335 3000 iu

261 3055 430 3107 routextum
458 3048 612 3124 irrepsisse
636 3056 666 3106 et
690 3049 775 3106 metri
799 3067 887 3106 eausa
911 3048 954 3106 nil
978 3049 1033 3106 nisi
1056 3049 1134 3124 prior
1157 3066 1226 3125 pars
1251 3052 1336 3108 roeis

261 3158 384 3232 quisque
407 3175 423 3213 a
446 3156 565 3214 librario
588 3157 684 3232 posita
708 3175 775 3215 esse
800 3156 925 3214 videtur.

350 3282 394 3340 lv
419 3283 498 3355 8,d9
528 3282 734 3357 interpolatum
766 3299 833 3340 esse
864 3288 977 3340 eertum
1008 3288 1065 3354 est,
1097 3282 1146 3340 ubi
1163 3286 1336 3356 prostratus

263 3407 312 3464 pro
335 3394 502 3464 protrudere
530 3391 560 3447 in
588 3395 727 3447 contextu
755 3389 911 3447 invenitur.
964 3386 1043 3461 Quae
1071 3393 1250 3459 correctura,
1280 3407 1334 3446 eur

261 3497 338 3553 faeta
362 3496 409 3568 sit,
434 3496 520 3572 plane
544 3496 697 3554 diiudicari
722 3514 779 3554 non
802 3502 908 3571 potest.
959 3496 1024 3553 Nisi
1050 3497 1172 3553 tortasse
1194 3492 1336 3552 librarius

259 3609 425 3678 prostratas
450 3604 566 3678 recepit,
590 3603 666 3678 quod
691 3603 820 3660 Errritur
843 3579 914 3661 roeo
930 3603 988 3660 iam
1005 3603 1114 3661 dietum
1133 3618 1199 3659 esse
1215 3606 1337 3676 putaret

264 3711 448 3785 Lygdamum
488 3730 524 3768 ex
562 3710 683 3767 latibulo
717 3715 896 3784 protractam
936 3727 1009 3768 esse.
1065 3708 1175 3767 Deinde
1210 3709 1338 3766 fortasse

262 3817 395 3888 ariorum,
432 3817 460 3873 id
500 3816 579 3891 qum]
615 3816 761 3890 sequitur,
795 3817 849 3874 hae
887 3835 957 3875 voee
991 3820 1160 3890 prostratus
1191 3814 1338 3873 illustrari

263 3924 420 3991 arbitratus
455 3930 515 3994 est,
554 3922 798 3998 rprandoqnidum
840 3923 991 3999 supplices
1025 3923 1060 3981 ad
1097 3921 1188 3998 pedes
1210 3939 1339 3994 eorum,

263 4048 337 4109 quos
360 4030 558 4098 obsecrabant,
582 4029 676 4107 iae-ere
700 4029 841 4105 solebant
884 4094 885 4099 1
