<?xml version="1.0" encoding="UTF-8"?>
<!DOCTYPE html PUBLIC "-//W3C//DTD XHTML 1.0 Transitional//EN"
    "http://www.w3.org/TR/xhtml1/DTD/xhtml1-transitional.dtd">
<html xmlns="http://www.w3.org/1999/xhtml" xml:lang="en" lang="en">
 <head>
  <title>
</title>
<meta http-equiv="Content-Type" content="text/html;charset=utf-8" />
  <meta name='ocr-system' content='tesseract 3.04.00' />
  <meta name='ocr-capabilities' content='ocr_page ocr_carea ocr_par ocr_line ocrx_word'/>
</head>
<body>
  <div class='ocr_page' id='page_1' title='image "./deproperticodic00khgoog_0016.png"; bbox 0 0 2850 4686; ppageno 0'>
   <div class='ocr_carea' id='block_1_1' title="bbox 613 379 812 462">
    <p class='ocr_par' dir='ltr' id='par_1_1' title="bbox 613 379 812 462">
     <span class='ocr_line' id='line_1_1' title="bbox 613 379 812 462; baseline -0.005 0"><span class='ocrx_word' id='word_1_1' title='bbox 613 379 812 462; x_wconf 80' lang='lat'>·.·7··</span> 
     </span>
    </p>
   </div>
   <div class='ocr_carea' id='block_1_2' title="bbox 128 573 1349 4072">
    <p class='ocr_par' dir='ltr' id='par_1_2' title="bbox 178 573 1269 969">
     <span class='ocr_line' id='line_1_2' title="bbox 178 573 1248 653; baseline 0.003 -20"><span class='ocrx_word' id='word_1_2' title='bbox 178 574 271 653; x_wconf 87' lang='lat' dir='ltr'>tentia</span> <span class='ocrx_word' id='word_1_3' title='bbox 298 573 472 632; x_wconf 81' lang='lat' dir='ltr'>labefactata</span> <span class='ocrx_word' id='word_1_4' title='bbox 500 579 553 632; x_wconf 88' lang='lat' dir='ltr'>est.</span> <span class='ocrx_word' id='word_1_5' title='bbox 608 574 672 632; x_wconf 84' lang='lat' dir='ltr'>Mea</span> <span class='ocrx_word' id='word_1_6' title='bbox 706 574 825 650; x_wconf 89' lang='lat' dir='ltr'>quidem</span> <span class='ocrx_word' id='word_1_7' title='bbox 859 576 1003 634; x_wconf 88' lang='lat' dir='ltr'>sententia</span> <span class='ocrx_word' id='word_1_8' title='bbox 1032 594 1069 635; x_wconf 88' lang='lat' dir='ltr'>ex</span> <span class='ocrx_word' id='word_1_9' title='bbox 1097 577 1152 636; x_wconf 90' lang='lat' dir='ltr'>hac</span> <span class='ocrx_word' id='word_1_10' title='bbox 1171 580 1248 642; x_wconf 82' lang='lat' dir='ltr'>¹sub-</span> 
     </span>
     <span class='ocr_line' id='line_1_3' title="bbox 181 680 1250 761; baseline 0.005 -23"><span class='ocrx_word' id='word_1_11' title='bbox 181 681 338 756; x_wconf 77' lang='lat' dir='ltr'>scriptione</span> <span class='ocrx_word' id='word_1_12' title='bbox 373 680 448 738; x_wconf 84' lang='lat' dir='ltr'>nihil</span> <span class='ocrx_word' id='word_1_13' title='bbox 483 681 538 738; x_wconf 87' lang='lat' dir='ltr'>nisi</span> <span class='ocrx_word' id='word_1_14' title='bbox 574 681 630 738; x_wconf 92' lang='lat' dir='ltr'>boc</span> <span class='ocrx_word' id='word_1_15' title='bbox 664 682 798 739; x_wconf 92' lang='lat' dir='ltr'>concludi</span> <span class='ocrx_word' id='word_1_16' title='bbox 835 688 947 757; x_wconf 85' lang='lat' dir='ltr'>potest,</span> <span class='ocrx_word' id='word_1_17' title='bbox 984 683 1114 742; x_wconf 80' lang='lat' dir='ltr'>codicem</span> <span class='ocrx_word' id='word_1_18' title='bbox 1152 684 1250 761; x_wconf 86' lang='lat' dir='ltr'>aliquo</span> 
     </span>
     <span class='ocr_line' id='line_1_4' title="bbox 178 781 1269 863; baseline 0.004 -18"><span class='ocrx_word' id='word_1_19' title='bbox 178 781 310 862; x_wconf 87' lang='lat' dir='ltr'>tempore</span> <span class='ocrx_word' id='word_1_20' title='bbox 341 787 371 844; x_wconf 93' lang='lat' dir='ltr'>in</span> <span class='ocrx_word' id='word_1_21' title='bbox 395 787 479 844; x_wconf 87' lang='lat' dir='ltr'>Italia</span> <span class='ocrx_word' id='word_1_22' title='bbox 511 788 602 845; x_wconf 85' lang='lat' dir='ltr'>luisse</span> <span class='ocrx_word' id='word_1_23' title='bbox 632 793 662 845; x_wconf 90' lang='lat' dir='ltr'>et</span> <span class='ocrx_word' id='word_1_24' title='bbox 693 784 833 863; x_wconf 76' lang='lat' dir='ltr'>scriptam</span> <span class='ocrx_word' id='word_1_25' title='bbox 863 807 929 846; x_wconf 88' lang='lat' dir='ltr'>eum</span> <span class='ocrx_word' id='word_1_26' title='bbox 957 807 1022 848; x_wconf 88' lang='lat' dir='ltr'>esse</span> <span class='ocrx_word' id='word_1_27' title='bbox 1045 797 1113 848; x_wconf 89' lang='lat' dir='ltr'>ante</span> <span class='ocrx_word' id='word_1_28' title='bbox 1141 809 1269 849; x_wconf 73' lang='lat' dir='ltr'>annum·</span> 
     </span>
     <span class='ocr_line' id='line_1_5' title="bbox 181 881 1192 969; baseline 0.003 -17"><span class='ocrx_word' id='word_1_29' title='bbox 181 897 266 954; x_wconf 84' lang='grc'>1469</span> <span class='ocrx_word' id='word_1_30' title='bbox 293 901 322 952; x_wconf 90' lang='lat' dir='ltr'>et</span> <span class='ocrx_word' id='word_1_31' title='bbox 344 895 409 969; x_wconf 92' lang='lat' dir='ltr'>ipso</span> <span class='ocrx_word' id='word_1_32' title='bbox 433 913 508 951; x_wconf 92' lang='lat' dir='ltr'>anno</span> <span class='ocrx_word' id='word_1_33' title='bbox 537 896 620 953; x_wconf 83' lang='grc'><strong>1469</strong></span> <span class='ocrx_word' id='word_1_34' title='bbox 645 914 661 952; x_wconf 90' lang='lat' dir='ltr'>a</span> <span class='ocrx_word' id='word_1_35' title='bbox 685 896 746 952; x_wconf 89' lang='lat' dir='ltr'>viro</span> <span class='ocrx_word' id='word_1_36' title='bbox 770 896 854 953; x_wconf 90' lang='lat' dir='ltr'>docto</span> <span class='ocrx_word' id='word_1_37' title='bbox 878 913 943 954; x_wconf 88' lang='lat' dir='ltr'>esse</span> <span class='ocrx_word' id='word_1_38' title='bbox 968 903 1140 955; x_wconf 89' lang='lat' dir='ltr'>correctum.</span> <span class='ocrx_word' id='word_1_39' title='bbox 1190 881 1192 884; x_wconf 32' lang='lat'>¹</span> 
     </span>
    </p>

    <p class='ocr_par' dir='ltr' id='par_1_3' title="bbox 128 982 1349 2896">
     <span class='ocr_line' id='line_1_6' title="bbox 268 982 1323 1077; baseline 0.001 -17"><span class='ocrx_word' id='word_1_40' title='bbox 268 1001 419 1077; x_wconf 73' lang='lat' dir='ltr'>Scriptum</span> <span class='ocrx_word' id='word_1_41' title='bbox 455 1007 555 1059; x_wconf 88' lang='lat' dir='ltr'>autem</span> <span class='ocrx_word' id='word_1_42' title='bbox 593 1001 688 1059; x_wconf 78' lang='lat' dir='ltr'>facilis</span> <span class='ocrx_word' id='word_1_43' title='bbox 726 1007 756 1060; x_wconf 90' lang='lat' dir='ltr'>et</span> <span class='ocrx_word' id='word_1_44' title='bbox 788 1003 897 1060; x_wconf 91' lang='lat' dir='ltr'>munda</span> <span class='ocrx_word' id='word_1_45' title='bbox 934 1003 1106 1061; x_wconf 81' lang='lat' dir='ltr'>minusculis</span> <span class='ocrx_word' id='word_1_46' title='bbox 1142 1004 1248 1062; x_wconf 88' lang='lat' dir='ltr'>litteris</span> <span class='ocrx_word' id='word_1_47' title='bbox 1320 982 1323 991; x_wconf 26' lang='grc'>1</span> 
     </span>
     <span class='ocr_line' id='line_1_7' title="bbox 181 1100 1349 1185; baseline 0.001 -18"><span class='ocrx_word' id='word_1_48' title='bbox 181 1108 341 1183; x_wconf 88' lang='lat' dir='ltr'>composita</span> <span class='ocrx_word' id='word_1_49' title='bbox 377 1114 423 1166; x_wconf 87' lang='lat' dir='ltr'>est</span> <span class='ocrx_word' id='word_1_50' title='bbox 458 1113 575 1183; x_wconf 86' lang='lat' dir='ltr'>praeter</span> <span class='ocrx_word' id='word_1_51' title='bbox 609 1108 723 1166; x_wconf 88' lang='lat' dir='ltr'>litteras</span> <span class='ocrx_word' id='word_1_52' title='bbox 758 1109 893 1180; x_wconf 71' lang='lat' dir='ltr'>initiales</span> <span class='ocrx_word' id='word_1_53' title='bbox 929 1128 1004 1185; x_wconf 82' lang='lat' dir='ltr'>quae</span> <span class='ocrx_word' id='word_1_54' title='bbox 1039 1111 1100 1168; x_wconf 84' lang='lat' dir='ltr'>fere</span> <span class='ocrx_word' id='word_1_55' title='bbox 1133 1128 1250 1185; x_wconf 85' lang='lat' dir='ltr'>semper</span> <span class='ocrx_word' id='word_1_56' title='bbox 1346 1100 1349 1107; x_wconf 50' lang='lat'><strong>¹</strong></span> 
     </span>
     <span class='ocr_line' id='line_1_8' title="bbox 181 1213 1248 1291; baseline 0.003 -20"><span class='ocrx_word' id='word_1_57' title='bbox 181 1215 312 1273; x_wconf 86' lang='lat' dir='ltr'>unciales</span> <span class='ocrx_word' id='word_1_58' title='bbox 343 1221 420 1272; x_wconf 87' lang='lat' dir='ltr'>sunt.</span> <span class='ocrx_word' id='word_1_59' title='bbox 472 1213 585 1286; x_wconf 79' lang='lat' dir='ltr'>Quibus</span> <span class='ocrx_word' id='word_1_60' title='bbox 616 1215 652 1272; x_wconf 87' lang='lat' dir='ltr'>de</span> <span class='ocrx_word' id='word_1_61' title='bbox 684 1214 790 1272; x_wconf 89' lang='lat' dir='ltr'>litteris</span> <span class='ocrx_word' id='word_1_62' title='bbox 820 1215 982 1274; x_wconf 82' lang='lat' dir='ltr'>initialibus</span> <span class='ocrx_word' id='word_1_63' title='bbox 1013 1235 1104 1291; x_wconf 89' lang='lat' dir='ltr'>pauca</span> <span class='ocrx_word' id='word_1_64' title='bbox 1134 1217 1248 1274; x_wconf 92' lang='lat' dir='ltr'>addam.</span> 
     </span>
     <span class='ocr_line' id='line_1_9' title="bbox 180 1322 1249 1398; baseline 0.001 -18"><span class='ocrx_word' id='word_1_65' title='bbox 180 1322 254 1380; x_wconf 86' lang='lat' dir='ltr'>Sunt</span> <span class='ocrx_word' id='word_1_66' title='bbox 279 1323 357 1380; x_wconf 92' lang='lat' dir='ltr'>enim</span> <span class='ocrx_word' id='word_1_67' title='bbox 381 1322 508 1380; x_wconf 84' lang='lat' dir='ltr'>initiales</span> <span class='ocrx_word' id='word_1_68' title='bbox 529 1341 582 1397; x_wconf 90' lang='lat' dir='ltr'>per</span> <span class='ocrx_word' id='word_1_69' title='bbox 599 1322 679 1380; x_wconf 87' lang='lat' dir='ltr'>vices</span> <span class='ocrx_word' id='word_1_70' title='bbox 693 1323 780 1380; x_wconf 90' lang='lat' dir='ltr'>rubro</span> <span class='ocrx_word' id='word_1_71' title='bbox 797 1329 827 1379; x_wconf 88' lang='lat' dir='ltr'>et</span> <span class='ocrx_word' id='word_1_72' title='bbox 846 1323 981 1381; x_wconf 91' lang='lat' dir='ltr'>caeruleo</span> <span class='ocrx_word' id='word_1_73' title='bbox 996 1324 1092 1381; x_wconf 89' lang='lat' dir='ltr'>colore</span> <span class='ocrx_word' id='word_1_74' title='bbox 1116 1324 1249 1398; x_wconf 88' lang='lat' dir='ltr'>depictae</span> 
     </span>
     <span class='ocr_line' id='line_1_10' title="bbox 178 1429 1247 1504; baseline 0 -17"><span class='ocrx_word' id='word_1_75' title='bbox 178 1436 208 1487; x_wconf 88' lang='lat' dir='ltr'>et</span> <span class='ocrx_word' id='word_1_76' title='bbox 224 1430 375 1487; x_wconf 88' lang='lat' dir='ltr'>caeruleae</span> <span class='ocrx_word' id='word_1_77' title='bbox 398 1435 548 1504; x_wconf 89' lang='lat' dir='ltr'>praeterea</span> <span class='ocrx_word' id='word_1_78' title='bbox 564 1430 660 1486; x_wconf 90' lang='lat' dir='ltr'>rubris</span> <span class='ocrx_word' id='word_1_79' title='bbox 677 1430 856 1487; x_wconf 80' lang='lat' dir='ltr'>ornamentIs</span> <span class='ocrx_word' id='word_1_80' title='bbox 872 1429 1063 1502; x_wconf 84' lang='lat' dir='ltr'>illuminatae,</span> <span class='ocrx_word' id='word_1_81' title='bbox 1087 1431 1128 1487; x_wconf 89' lang='lat' dir='ltr'>ita</span> <span class='ocrx_word' id='word_1_82' title='bbox 1150 1435 1247 1488; x_wconf 85' lang='lat' dir='ltr'>autem</span> 
     </span>
     <span class='ocr_line' id='line_1_11' title="bbox 178 1537 1248 1612; baseline 0.001 -18"><span class='ocrx_word' id='word_1_83' title='bbox 178 1537 306 1611; x_wconf 86' lang='lat' dir='ltr'>grandes</span> <span class='ocrx_word' id='word_1_84' title='bbox 336 1543 412 1609; x_wconf 81' lang='lat' dir='ltr'>sunt,</span> <span class='ocrx_word' id='word_1_85' title='bbox 444 1543 477 1594; x_wconf 90' lang='lat' dir='ltr'>ut</span> <span class='ocrx_word' id='word_1_86' title='bbox 506 1556 558 1612; x_wconf 89' lang='lat' dir='ltr'>per</span> <span class='ocrx_word' id='word_1_87' title='bbox 586 1542 722 1612; x_wconf 83' lang='lat' dir='ltr'>quattuor</span> <span class='ocrx_word' id='word_1_88' title='bbox 750 1555 888 1594; x_wconf 83' lang='lat' dir='ltr'>versuum</span> <span class='ocrx_word' id='word_1_89' title='bbox 917 1539 1045 1612; x_wconf 88' lang='lat' dir='ltr'>spatium</span> <span class='ocrx_word' id='word_1_90' title='bbox 1076 1543 1248 1596; x_wconf 87' lang='lat' dir='ltr'>excrescant</span> 
     </span>
     <span class='ocr_line' id='line_1_12' title="bbox 180 1644 1247 1718; baseline 0.002 -18"><span class='ocrx_word' id='word_1_91' title='bbox 180 1645 313 1718; x_wconf 76' lang='lat' dir='ltr'>(duorum</span> <span class='ocrx_word' id='word_1_92' title='bbox 344 1644 544 1718; x_wconf 85' lang='lat' dir='ltr'>inscriptionis</span> <span class='ocrx_word' id='word_1_93' title='bbox 572 1649 602 1700; x_wconf 89' lang='lat' dir='ltr'>et</span> <span class='ocrx_word' id='word_1_94' title='bbox 629 1644 753 1701; x_wconf 86' lang='lat' dir='ltr'>duorum</span> <span class='ocrx_word' id='word_1_95' title='bbox 781 1647 947 1715; x_wconf 88' lang='lat' dir='ltr'>contextus)</span> <span class='ocrx_word' id='word_1_96' title='bbox 977 1650 1093 1718; x_wconf 87' lang='lat' dir='ltr'>praeter</span> <span class='ocrx_word' id='word_1_97' title='bbox 1120 1645 1247 1702; x_wconf 88' lang='lat' dir='ltr'>initiales</span> 
     </span>
     <span class='ocr_line' id='line_1_13' title="bbox 179 1750 1246 1827; baseline 0.001 -20"><span class='ocrx_word' id='word_1_98' title='bbox 179 1750 266 1826; x_wconf 91' lang='lat' dir='ltr'>primi</span> <span class='ocrx_word' id='word_1_99' title='bbox 283 1751 419 1808; x_wconf 88' lang='lat' dir='ltr'>carminis</span> <span class='ocrx_word' id='word_1_100' title='bbox 434 1751 578 1826; x_wconf 82' lang='lat' dir='ltr'>cunisque</span> <span class='ocrx_word' id='word_1_101' title='bbox 603 1751 677 1823; x_wconf 77' lang='lat' dir='ltr'>libri,</span> <span class='ocrx_word' id='word_1_102' title='bbox 702 1751 750 1809; x_wconf 94' lang='lat' dir='ltr'>ubi</span> <span class='ocrx_word' id='word_1_103' title='bbox 766 1751 863 1825; x_wconf 89' lang='lat' dir='ltr'>potius</span> <span class='ocrx_word' id='word_1_104' title='bbox 879 1768 931 1808; x_wconf 85' lang='lat' dir='ltr'>sex</span> <span class='ocrx_word' id='word_1_105' title='bbox 949 1769 1085 1808; x_wconf 90' lang='lat' dir='ltr'>versuum</span> <span class='ocrx_word' id='word_1_106' title='bbox 1111 1750 1246 1827; x_wconf 87' lang='lat' dir='ltr'>(duorum</span> 
     </span>
     <span class='ocr_line' id='line_1_14' title="bbox 178 1857 1247 1934; baseline 0.002 -20"><span class='ocrx_word' id='word_1_107' title='bbox 178 1857 387 1933; x_wconf 80' lang='lat' dir='ltr'>inscriptibnis</span> <span class='ocrx_word' id='word_1_108' title='bbox 411 1864 550 1934; x_wconf 87' lang='lat' dir='ltr'>quattuor</span> <span class='ocrx_word' id='word_1_109' title='bbox 566 1859 733 1933; x_wconf 87' lang='lat' dir='ltr'>contextus)</span> <span class='ocrx_word' id='word_1_110' title='bbox 758 1858 885 1932; x_wconf 90' lang='lat' dir='ltr'>spatium</span> <span class='ocrx_word' id='word_1_111' title='bbox 903 1863 1055 1932; x_wconf 90' lang='lat' dir='ltr'>occupant.</span> <span class='ocrx_word' id='word_1_112' title='bbox 1084 1858 1247 1934; x_wconf 85' lang='lat' dir='ltr'>Aliquoties</span> 
     </span>
     <span class='ocr_line' id='line_1_15' title="bbox 178 1965 1248 2042; baseline 0.002 -20"><span class='ocrx_word' id='word_1_113' title='bbox 178 1966 233 2023; x_wconf 88' lang='lat' dir='ltr'>hae</span> <span class='ocrx_word' id='word_1_114' title='bbox 267 1965 382 2024; x_wconf 86' lang='lat' dir='ltr'>litterae</span> <span class='ocrx_word' id='word_1_115' title='bbox 411 1965 539 2024; x_wconf 89' lang='lat' dir='ltr'>initiales</span> <span class='ocrx_word' id='word_1_116' title='bbox 572 1966 729 2023; x_wconf 83' lang='lat' dir='ltr'>artificiose</span> <span class='ocrx_word' id='word_1_117' title='bbox 760 1965 893 2040; x_wconf 90' lang='lat' dir='ltr'>depictae</span> <span class='ocrx_word' id='word_1_118' title='bbox 922 1984 978 2023; x_wconf 94' lang='lat' dir='ltr'>non</span> <span class='ocrx_word' id='word_1_119' title='bbox 1007 1972 1125 2024; x_wconf 85' lang='lat' dir='ltr'>exstant</span> <span class='ocrx_word' id='word_1_120' title='bbox 1153 1985 1248 2042; x_wconf 85' lang='lat' dir='ltr'>neque</span> 
     </span>
     <span class='ocr_line' id='line_1_16' title="bbox 178 2072 1244 2139; baseline 0.004 -11"><span class='ocrx_word' id='word_1_121' title='bbox 178 2073 341 2131; x_wconf 89' lang='lat' dir='ltr'>rubricator</span> <span class='ocrx_word' id='word_1_122' title='bbox 370 2091 424 2130; x_wconf 89' lang='lat' dir='ltr'>suo</span> <span class='ocrx_word' id='word_1_123' title='bbox 449 2091 568 2130; x_wconf 88' lang='lat' dir='ltr'>munere</span> <span class='ocrx_word' id='word_1_124' title='bbox 596 2073 715 2130; x_wconf 84' lang='lat' dir='ltr'>functus</span> <span class='ocrx_word' id='word_1_125' title='bbox 739 2079 785 2130; x_wconf 92' lang='lat' dir='ltr'>est</span> <span class='ocrx_word' id='word_1_126' title='bbox 810 2080 847 2139; x_wconf 84' lang='lat' dir='ltr'>ut</span> <span class='ocrx_word' id='word_1_127' title='bbox 873 2072 911 2130; x_wconf 93' lang='lat' dir='ltr'>II.</span> <span class='ocrx_word' id='word_1_128' title='bbox 938 2074 977 2130; x_wconf 83' lang='grc'>24</span> <span class='ocrx_word' id='word_1_129' title='bbox 1009 2073 1046 2130; x_wconf 92' lang='lat' dir='ltr'>Il.</span> <span class='ocrx_word' id='word_1_130' title='bbox 1071 2075 1110 2132; x_wconf 82' lang='lat'>30</span> <span class='ocrx_word' id='word_1_131' title='bbox 1143 2073 1179 2131; x_wconf 91' lang='grc' dir='ltr'>Π.</span> <span class='ocrx_word' id='word_1_132' title='bbox 1205 2076 1244 2132; x_wconf 88' lang='grc'>31</span> 
     </span>
     <span class='ocr_line' id='line_1_17' title="bbox 128 2179 1248 2259; baseline 0.002 -23"><span class='ocrx_word' id='word_1_133' title='bbox 128 2254 131 2259; x_wconf 16' lang='grc' dir='ltr'>ι</span> <span class='ocrx_word' id='word_1_134' title='bbox 180 2179 232 2236; x_wconf 92' lang='lat' dir='ltr'>Ill.</span> <span class='ocrx_word' id='word_1_135' title='bbox 267 2182 295 2252; x_wconf 84' lang='lat'>8,</span> <span class='ocrx_word' id='word_1_136' title='bbox 328 2198 446 2255; x_wconf 90' lang='lat' dir='ltr'>semper</span> <span class='ocrx_word' id='word_1_137' title='bbox 477 2186 574 2237; x_wconf 86' lang='lat' dir='ltr'>autem</span> <span class='ocrx_word' id='word_1_138' title='bbox 609 2200 624 2237; x_wconf 89' lang='lat' dir='ltr'>a</span> <span class='ocrx_word' id='word_1_139' title='bbox 656 2180 772 2237; x_wconf 90' lang='lat' dir='ltr'>librario</span> <span class='ocrx_word' id='word_1_140' title='bbox 803 2180 959 2255; x_wconf 91' lang='lat' dir='ltr'>principali</span> <span class='ocrx_word' id='word_1_141' title='bbox 991 2181 1108 2238; x_wconf 71' lang='lat' dir='ltr'>mirantis</span> <span class='ocrx_word' id='word_1_142' title='bbox 1141 2181 1248 2239; x_wconf 89' lang='lat' dir='ltr'>litteris</span> 
     </span>
     <span class='ocr_line' id='line_1_18' title="bbox 179 2287 1247 2362; baseline 0.003 -20"><span class='ocrx_word' id='word_1_143' title='bbox 179 2287 389 2362; x_wconf 84' lang='lat' dir='ltr'>praescriptae,</span> <span class='ocrx_word' id='word_1_144' title='bbox 432 2306 489 2362; x_wconf 89' lang='lat' dir='ltr'>qua</span> <span class='ocrx_word' id='word_1_145' title='bbox 523 2287 553 2344; x_wconf 92' lang='lat' dir='ltr'>in</span> <span class='ocrx_word' id='word_1_146' title='bbox 592 2305 623 2344; x_wconf 89' lang='lat' dir='ltr'>re</span> <span class='ocrx_word' id='word_1_147' title='bbox 664 2288 827 2344; x_wconf 89' lang='lat' dir='ltr'>rubricator</span> <span class='ocrx_word' id='word_1_148' title='bbox 866 2288 982 2345; x_wconf 89' lang='lat' dir='ltr'>duobus</span> <span class='ocrx_word' id='word_1_149' title='bbox 1023 2287 1093 2345; x_wconf 89' lang='lat' dir='ltr'>locis</span> <span class='ocrx_word' id='word_1_150' title='bbox 1130 2288 1247 2360; x_wconf 84' lang='lat' dir='ltr'>erravit,</span> 
     </span>
     <span class='ocr_line' id='line_1_19' title="bbox 178 2392 1248 2469; baseline 0.002 -20"><span class='ocrx_word' id='word_1_151' title='bbox 178 2410 305 2468; x_wconf 90' lang='lat' dir='ltr'>quorum</span> <span class='ocrx_word' id='word_1_152' title='bbox 328 2394 402 2450; x_wconf 87' lang='lat' dir='ltr'>alter·</span> <span class='ocrx_word' id='word_1_153' title='bbox 425 2400 470 2450; x_wconf 88' lang='lat' dir='ltr'>est</span> <span class='ocrx_word' id='word_1_154' title='bbox 493 2392 547 2450; x_wconf 90' lang='lat' dir='ltr'>HI.</span> <span class='ocrx_word' id='word_1_155' title='bbox 566 2395 593 2465; x_wconf 77' lang='lat'>2,</span> <span class='ocrx_word' id='word_1_156' title='bbox 619 2394 666 2451; x_wconf 94' lang='lat' dir='ltr'>ubi</span> <span class='ocrx_word' id='word_1_157' title='bbox 691 2394 832 2452; x_wconf 90' lang='lat' dir='ltr'>initialem</span> <span class='ocrx_word' id='word_1_158' title='bbox 856 2394 944 2469; x_wconf 89' lang='lat' dir='ltr'>plane</span> <span class='ocrx_word' id='word_1_159' title='bbox 968 2395 1075 2465; x_wconf 71' lang='lat' dir='ltr'>omisit,</span> <span class='ocrx_word' id='word_1_160' title='bbox 1099 2395 1172 2452; x_wconf 88' lang='lat' dir='ltr'>alter</span> <span class='ocrx_word' id='word_1_161' title='bbox 1195 2394 1248 2452; x_wconf 90' lang='lat' dir='ltr'>Ill.</span> 
     </span>
     <span class='ocr_line' id='line_1_20' title="bbox 181 2498 1247 2575; baseline 0.001 -19"><span class='ocrx_word' id='word_1_162' title='bbox 181 2500 233 2569; x_wconf 82' lang='lat'>25,</span> <span class='ocrx_word' id='word_1_163' title='bbox 261 2498 308 2556; x_wconf 91' lang='lat' dir='ltr'>nbi</span> <span class='ocrx_word' id='word_1_164' title='bbox 340 2499 437 2574; x_wconf 88' lang='lat' dir='ltr'>Vpro</span> <span class='ocrx_word' id='word_1_165' title='bbox 467 2500 494 2557; x_wconf 76' lang='lat' dir='ltr'><em>R</em></span> <span class='ocrx_word' id='word_1_166' title='bbox 520 2499 624 2574; x_wconf 85' lang='lat' dir='ltr'>pinxit.</span> <span class='ocrx_word' id='word_1_167' title='bbox 671 2499 814 2571; x_wconf 78' lang='lat' dir='ltr'>Quoniam</span> <span class='ocrx_word' id='word_1_168' title='bbox 843 2519 911 2558; x_wconf 78' lang='lat' dir='ltr'>vero</span> <span class='ocrx_word' id='word_1_169' title='bbox 940 2501 1163 2575; x_wconf 89' lang='lat' dir='ltr'>inscriptionum</span> <span class='ocrx_word' id='word_1_170' title='bbox 1190 2501 1247 2558; x_wconf 90' lang='lat' dir='ltr'>iam</span> 
     </span>
     <span class='ocr_line' id='line_1_21' title="bbox 178 2605 1246 2682; baseline 0.002 -20"><span class='ocrx_word' id='word_1_171' title='bbox 178 2605 357 2663; x_wconf 90' lang='lat' dir='ltr'>mentionem</span> <span class='ocrx_word' id='word_1_172' title='bbox 382 2606 447 2677; x_wconf 80' lang='lat' dir='ltr'>leci,</span> <span class='ocrx_word' id='word_1_173' title='bbox 481 2608 536 2664; x_wconf 90' lang='lat' dir='ltr'>hoc</span> <span class='ocrx_word' id='word_1_174' title='bbox 567 2607 630 2664; x_wconf 92' lang='lat' dir='ltr'>loco</span> <span class='ocrx_word' id='word_1_175' title='bbox 659 2606 763 2663; x_wconf 88' lang='lat' dir='ltr'>addam</span> <span class='ocrx_word' id='word_1_176' title='bbox 794 2608 848 2663; x_wconf 83' lang='lat' dir='ltr'>lias</span> <span class='ocrx_word' id='word_1_177' title='bbox 880 2607 1086 2682; x_wconf 89' lang='lat' dir='ltr'>inscriptiones</span> <span class='ocrx_word' id='word_1_178' title='bbox 1114 2627 1131 2665; x_wconf 89' lang='lat' dir='ltr'>a</span> <span class='ocrx_word' id='word_1_179' title='bbox 1160 2626 1246 2664; x_wconf 91' lang='lat' dir='ltr'>manu</span> 
     </span>
     <span class='ocr_line' id='line_1_22' title="bbox 177 2711 1248 2785; baseline 0.001 -16"><span class='ocrx_word' id='word_1_180' title='bbox 177 2711 307 2769; x_wconf 88' lang='lat' dir='ltr'>secunda</span> <span class='ocrx_word' id='word_1_181' title='bbox 331 2714 419 2771; x_wconf 91' lang='lat' dir='ltr'>rubro</span> <span class='ocrx_word' id='word_1_182' title='bbox 442 2714 539 2771; x_wconf 90' lang='lat' dir='ltr'>colore</span> <span class='ocrx_word' id='word_1_183' title='bbox 563 2714 678 2770; x_wconf 90' lang='lat' dir='ltr'>additas</span> <span class='ocrx_word' id='word_1_184' title='bbox 699 2731 774 2785; x_wconf 76' lang='lat' dir='ltr'>esse,</span> <span class='ocrx_word' id='word_1_185' title='bbox 799 2712 829 2769; x_wconf 92' lang='lat' dir='ltr'>id</span> <span class='ocrx_word' id='word_1_186' title='bbox 854 2713 932 2770; x_wconf 92' lang='lat' dir='ltr'>enim</span> <span class='ocrx_word' id='word_1_187' title='bbox 953 2712 1115 2770; x_wconf 90' lang='lat' dir='ltr'>litterarum</span> <span class='ocrx_word' id='word_1_188' title='bbox 1140 2714 1248 2771; x_wconf 88' lang='lat' dir='ltr'>ductus</span> 
     </span>
     <span class='ocr_line' id='line_1_23' title="bbox 176 2819 891 2896; baseline 0.001 -20"><span class='ocrx_word' id='word_1_189' title='bbox 176 2819 296 2891; x_wconf 76' lang='lat' dir='ltr'>evincit,</span> <span class='ocrx_word' id='word_1_190' title='bbox 321 2826 351 2878; x_wconf 88' lang='lat' dir='ltr'>et</span> <span class='ocrx_word' id='word_1_191' title='bbox 374 2821 457 2879; x_wconf 88' lang='lat' dir='ltr'>binos</span> <span class='ocrx_word' id='word_1_192' title='bbox 482 2821 590 2896; x_wconf 84' lang='lat' dir='ltr'>ubique</span> <span class='ocrx_word' id='word_1_193' title='bbox 614 2839 716 2878; x_wconf 70' lang='lat' dir='ltr'>versus</span> <span class='ocrx_word' id='word_1_194' title='bbox 741 2839 891 2895; x_wconf 90' lang='lat' dir='ltr'>occupare.</span> 
     </span>
    </p>

    <p class='ocr_par' dir='ltr' id='par_1_4' title="bbox 174 2928 1253 4072">
     <span class='ocr_line' id='line_1_24' title="bbox 268 2928 1247 3004; baseline 0.002 -19"><span class='ocrx_word' id='word_1_195' title='bbox 268 2928 396 2987; x_wconf 89' lang='lat' dir='ltr'>Litterae</span> <span class='ocrx_word' id='word_1_196' title='bbox 410 2930 492 3004; x_wconf 88' lang='lat' dir='ltr'>ipsae</span> <span class='ocrx_word' id='word_1_197' title='bbox 509 2935 624 2987; x_wconf 89' lang='lat' dir='ltr'>erectae</span> <span class='ocrx_word' id='word_1_198' title='bbox 637 2935 666 2986; x_wconf 89' lang='lat' dir='ltr'>et</span> <span class='ocrx_word' id='word_1_199' title='bbox 683 2928 907 3002; x_wconf 80' lang='lat' dir='ltr'>diligentissime</span> <span class='ocrx_word' id='word_1_200' title='bbox 924 2928 1050 3003; x_wconf 86' lang='lat' dir='ltr'>scriptae</span> <span class='ocrx_word' id='word_1_201' title='bbox 1067 2933 1180 2986; x_wconf 87' lang='lat' dir='ltr'>suntet</span> <span class='ocrx_word' id='word_1_202' title='bbox 1196 2947 1247 2987; x_wconf 86' lang='lat' dir='ltr'>eas</span> 
     </span>
     <span class='ocr_line' id='line_1_25' title="bbox 179 3035 1247 3111; baseline 0.004 -21"><span class='ocrx_word' id='word_1_203' title='bbox 179 3035 292 3091; x_wconf 86' lang='lat' dir='ltr'>sacculi</span> <span class='ocrx_word' id='word_1_204' title='bbox 327 3035 397 3093; x_wconf 82' lang='lat' dir='ltr'>XIV</span> <span class='ocrx_word' id='word_1_205' title='bbox 434 3053 499 3093; x_wconf 91' lang='lat' dir='ltr'>esse</span> <span class='ocrx_word' id='word_1_206' title='bbox 535 3053 623 3110; x_wconf 91' lang='lat' dir='ltr'>posse</span> <span class='ocrx_word' id='word_1_207' title='bbox 659 3053 713 3092; x_wconf 92' lang='lat' dir='ltr'>non</span> <span class='ocrx_word' id='word_1_208' title='bbox 749 3036 930 3111; x_wconf 76' lang='lat' dir='ltr'>negaverim5</span> <span class='ocrx_word' id='word_1_209' title='bbox 970 3043 1067 3093; x_wconf 88' lang='lat' dir='ltr'>tamen</span> <span class='ocrx_word' id='word_1_210' title='bbox 1103 3036 1131 3092; x_wconf 90' lang='lat' dir='ltr'>in</span> <span class='ocrx_word' id='word_1_211' title='bbox 1163 3037 1247 3094; x_wconf 89' lang='lat' dir='ltr'>initio</span> 
     </span>
     <span class='ocr_line' id='line_1_26' title="bbox 176 3141 1247 3219; baseline 0.002 -21"><span class='ocrx_word' id='word_1_212' title='bbox 176 3141 289 3198; x_wconf 89' lang='lat' dir='ltr'>sacculi</span> <span class='ocrx_word' id='word_1_213' title='bbox 314 3141 369 3198; x_wconf 90' lang='lat' dir='ltr'>XV</span> <span class='ocrx_word' id='word_1_214' title='bbox 393 3160 439 3199; x_wconf 89' lang='lat' dir='ltr'>me</span> <span class='ocrx_word' id='word_1_215' title='bbox 463 3143 611 3216; x_wconf 83' lang='lat' dir='ltr'>contineo;</span> <span class='ocrx_word' id='word_1_216' title='bbox 641 3147 738 3216; x_wconf 87' lang='lat' dir='ltr'>potest</span> <span class='ocrx_word' id='word_1_217' title='bbox 761 3142 839 3198; x_wconf 91' lang='lat' dir='ltr'>enim</span> <span class='ocrx_word' id='word_1_218' title='bbox 867 3142 1002 3200; x_wconf 89' lang='lat' dir='ltr'>librarius</span> <span class='ocrx_word' id='word_1_219' title='bbox 1031 3144 1128 3218; x_wconf 90' lang='lat' dir='ltr'>ipsum</span> <span class='ocrx_word' id='word_1_220' title='bbox 1157 3143 1247 3219; x_wconf 91' lang='lat' dir='ltr'>scrip-</span> 
     </span>
     <span class='ocr_line' id='line_1_27' title="bbox 176 3249 1247 3324; baseline 0.004 -19"><span class='ocrx_word' id='word_1_221' title='bbox 176 3255 264 3305; x_wconf 86' lang='lat' dir='ltr'>turae</span> <span class='ocrx_word' id='word_1_222' title='bbox 293 3266 395 3321; x_wconf 84' lang='lat' dir='ltr'>genus,</span> <span class='ocrx_word' id='word_1_223' title='bbox 425 3250 502 3324; x_wconf 88' lang='lat' dir='ltr'>quod</span> <span class='ocrx_word' id='word_1_224' title='bbox 528 3250 560 3306; x_wconf 86' lang='lat' dir='ltr'>in</span> <span class='ocrx_word' id='word_1_225' title='bbox 581 3249 740 3324; x_wconf 83' lang='lat' dir='ltr'>exemplari</span> <span class='ocrx_word' id='word_1_226' title='bbox 774 3267 826 3307; x_wconf 91' lang='lat' dir='ltr'>suo</span> <span class='ocrx_word' id='word_1_227' title='bbox 855 3250 964 3307; x_wconf 88' lang='lat' dir='ltr'>saeculi</span> <span class='ocrx_word' id='word_1_228' title='bbox 988 3250 1061 3308; x_wconf 88' lang='lat' dir='ltr'>XIII</span> <span class='ocrx_word' id='word_1_229' title='bbox 1089 3251 1247 3324; x_wconf 88' lang='lat' dir='ltr'>invenerat,</span> 
     </span>
     <span class='ocr_line' id='line_1_28' title="bbox 176 3355 1247 3433; baseline 0.004 -20"><span class='ocrx_word' id='word_1_230' title='bbox 176 3355 239 3413; x_wconf 87' lang='lat' dir='ltr'>suis</span> <span class='ocrx_word' id='word_1_231' title='bbox 263 3356 479 3415; x_wconf 84' lang='lat' dir='ltr'>characteribus</span> <span class='ocrx_word' id='word_1_232' title='bbox 500 3358 630 3415; x_wconf 88' lang='lat' dir='ltr'>imitatus</span> <span class='ocrx_word' id='word_1_233' title='bbox 653 3375 731 3433; x_wconf 82' lang='lat' dir='ltr'>essc;</span> <span class='ocrx_word' id='word_1_234' title='bbox 756 3359 861 3415; x_wconf 85' lang='lat' dir='ltr'>suadet</span> <span class='ocrx_word' id='word_1_235' title='bbox 875 3364 973 3415; x_wconf 90' lang='lat' dir='ltr'>autem</span> <span class='ocrx_word' id='word_1_236' title='bbox 988 3359 1121 3432; x_wconf 87' lang='lat' dir='ltr'>cognatio</span> <span class='ocrx_word' id='word_1_237' title='bbox 1138 3358 1247 3417; x_wconf 89' lang='lat' dir='ltr'>codicis</span> 
     </span>
     <span class='ocr_line' id='line_1_29' title="bbox 175 3462 1247 3539; baseline 0.003 -21"><span class='ocrx_word' id='word_1_238' title='bbox 175 3462 372 3534; x_wconf 75' lang='lat' dir='ltr'>Hollrlramici‚</span> <span class='ocrx_word' id='word_1_239' title='bbox 396 3482 483 3539; x_wconf 89' lang='lat' dir='ltr'>quam</span> <span class='ocrx_word' id='word_1_240' title='bbox 508 3465 580 3522; x_wconf 85' lang='lat' dir='ltr'>infra</span> <span class='ocrx_word' id='word_1_241' title='bbox 606 3466 834 3533; x_wconf 80' lang='lat' dir='ltr'>observabimus,</span> <span class='ocrx_word' id='word_1_242' title='bbox 866 3484 903 3521; x_wconf 89' lang='lat' dir='ltr'>ne</span> <span class='ocrx_word' id='word_1_243' title='bbox 934 3471 1018 3522; x_wconf 84' lang='lat' dir='ltr'>extra</span> <span class='ocrx_word' id='word_1_244' title='bbox 1046 3465 1120 3522; x_wconf 83' lang='lat' dir='ltr'>fines</span> <span class='ocrx_word' id='word_1_245' title='bbox 1144 3483 1166 3522; x_wconf 90' lang='lat' dir='ltr'>s.</span> <span class='ocrx_word' id='word_1_246' title='bbox 1190 3465 1247 3523; x_wconf 89' lang='lat' dir='ltr'>XV</span> 
     </span>
     <span class='ocr_line' id='line_1_30' title="bbox 174 3570 1247 3631; baseline 0.004 -5"><span class='ocrx_word' id='word_1_247' title='bbox 174 3570 377 3629; x_wconf 86' lang='lat' dir='ltr'>ascendamus.</span> <span class='ocrx_word' id='word_1_248' title='bbox 433 3572 496 3631; x_wconf 87' lang='lat' dir='ltr'>Hoc</span> <span class='ocrx_word' id='word_1_249' title='bbox 534 3579 631 3631; x_wconf 89' lang='lat' dir='ltr'>tamen</span> <span class='ocrx_word' id='word_1_250' title='bbox 665 3579 780 3631; x_wconf 90' lang='lat' dir='ltr'>constat</span> <span class='ocrx_word' id='word_1_251' title='bbox 816 3573 978 3629; x_wconf 86' lang='lat' dir='ltr'>litterarum</span> <span class='ocrx_word' id='word_1_252' title='bbox 1017 3573 1125 3629; x_wconf 89' lang='lat' dir='ltr'>formas</span> <span class='ocrx_word' id='word_1_253' title='bbox 1157 3572 1186 3629; x_wconf 95' lang='lat' dir='ltr'>in</span> <span class='ocrx_word' id='word_1_254' title='bbox 1220 3573 1247 3630; x_wconf 90' lang='lat' dir='ltr'><em>L</em></span> 
     </span>
     <span class='ocr_line' id='line_1_31' title="bbox 175 3674 1253 3754; baseline 0.004 -22"><span class='ocrx_word' id='word_1_255' title='bbox 175 3676 341 3751; x_wconf 76' lang='lat' dir='ltr'>scripturae</span> <span class='ocrx_word' id='word_1_256' title='bbox 377 3678 560 3754; x_wconf 89' lang='lat' dir='ltr'>Neapolitani</span> <span class='ocrx_word' id='word_1_257' title='bbox 598 3680 706 3737; x_wconf 89' lang='lat' dir='ltr'>codicis</span> <span class='ocrx_word' id='word_1_258' title='bbox 742 3678 907 3735; x_wconf 89' lang='lat' dir='ltr'>simillimas</span> <span class='ocrx_word' id='word_1_259' title='bbox 944 3696 1022 3750; x_wconf 79' lang='lat' dir='ltr'>esse,</span> <span class='ocrx_word' id='word_1_260' title='bbox 1066 3696 1132 3734; x_wconf 92' lang='lat' dir='ltr'>nam</span> <span class='ocrx_word' id='word_1_261' title='bbox 1172 3684 1202 3735; x_wconf 89' lang='lat' dir='ltr'>et</span> <span class='ocrx_word' id='word_1_262' title='bbox 1235 3674 1253 3736; x_wconf 94' lang='lat' dir='ltr'>s</span> 
     </span>
     <span class='ocr_line' id='line_1_32' title="bbox 175 3782 1247 3856; baseline 0.004 -18"><span class='ocrx_word' id='word_1_263' title='bbox 175 3782 263 3856; x_wconf 81' lang='lat' dir='ltr'>longa</span> <span class='ocrx_word' id='word_1_264' title='bbox 295 3783 325 3840; x_wconf 93' lang='lat' dir='ltr'>in</span> <span class='ocrx_word' id='word_1_265' title='bbox 355 3785 415 3843; x_wconf 86' lang='lat' dir='ltr'>fine</span> <span class='ocrx_word' id='word_1_266' title='bbox 446 3787 595 3843; x_wconf 82' lang='lat' dir='ltr'>verborum</span> <span class='ocrx_word' id='word_1_267' title='bbox 625 3791 654 3842; x_wconf 88' lang='lat' dir='ltr'>et</span> <span class='ocrx_word' id='word_1_268' title='bbox 678 3803 693 3841; x_wconf 89' lang='lat' dir='ltr'>o</span> <span class='ocrx_word' id='word_1_269' title='bbox 718 3789 747 3841; x_wconf 90' lang='lat' dir='ltr'>ct</span> <span class='ocrx_word' id='word_1_270' title='bbox 770 3790 782 3841; x_wconf 91' lang='lat' dir='ltr'>t</span> <span class='ocrx_word' id='word_1_271' title='bbox 805 3784 970 3842; x_wconf 88' lang='lat' dir='ltr'>litterarum</span> <span class='ocrx_word' id='word_1_272' title='bbox 999 3784 1188 3842; x_wconf 88' lang='lat' dir='ltr'>commutatio</span> <span class='ocrx_word' id='word_1_273' title='bbox 1217 3791 1247 3843; x_wconf 87' lang='lat' dir='ltr'>et</span> 
     </span>
     <span class='ocr_line' id='line_1_33' title="bbox 174 3891 1245 3967; baseline 0.005 -22"><span class='ocrx_word' id='word_1_274' title='bbox 174 3891 385 3964; x_wconf 90' lang='lat' dir='ltr'>compendium</span> <span class='ocrx_word' id='word_1_275' title='bbox 410 3893 433 3950; x_wconf 81' lang='lat' dir='ltr'>dr</span> <span class='ocrx_word' id='word_1_276' title='bbox 455 3911 507 3967; x_wconf 90' lang='lat' dir='ltr'>pro</span> <span class='ocrx_word' id='word_1_277' title='bbox 536 3897 561 3948; x_wconf 83' lang='lat' dir='ltr'>ct</span> <span class='ocrx_word' id='word_1_278' title='bbox 590 3892 617 3948; x_wconf 91' lang='lat' dir='ltr'>in</span> <span class='ocrx_word' id='word_1_279' title='bbox 649 3891 708 3947; x_wconf 83' lang='lat' dir='ltr'>fine</span> <span class='ocrx_word' id='word_1_280' title='bbox 740 3892 895 3948; x_wconf 80' lang='lat' dir='ltr'>verborum</span> <span class='ocrx_word' id='word_1_281' title='bbox 926 3892 955 3947; x_wconf 87' lang='lat' dir='ltr'>in</span> <span class='ocrx_word' id='word_1_282' title='bbox 989 3896 1111 3966; x_wconf 77' lang='lat' dir='ltr'>utroque</span> <span class='ocrx_word' id='word_1_283' title='bbox 1144 3891 1245 3950; x_wconf 88' lang='lat' dir='ltr'>codice</span> 
     </span>
     <span class='ocr_line' id='line_1_34' title="bbox 175 3995 1247 4072; baseline 0.002 -19"><span class='ocrx_word' id='word_1_284' title='bbox 175 3995 374 4055; x_wconf 84' lang='lat' dir='ltr'>inveniuntur.</span> <span class='ocrx_word' id='word_1_285' title='bbox 429 3999 541 4058; x_wconf 87' lang='lat' dir='ltr'>Deinde</span> <span class='ocrx_word' id='word_1_286' title='bbox 572 4017 592 4054; x_wconf 84' lang='lat' dir='ltr'>n</span> <span class='ocrx_word' id='word_1_287' title='bbox 623 4005 653 4056; x_wconf 84' lang='lat' dir='ltr'>et</span> <span class='ocrx_word' id='word_1_288' title='bbox 674 4014 696 4052; x_wconf 80' lang='lat' dir='ltr'>a</span> <span class='ocrx_word' id='word_1_289' title='bbox 721 3996 841 4060; x_wconf 60' lang='lat' dir='ltr'>&#39;litterae</span> <span class='ocrx_word' id='word_1_290' title='bbox 873 3997 991 4072; x_wconf 87' lang='lat' dir='ltr'>saepius</span> <span class='ocrx_word' id='word_1_291' title='bbox 1019 4003 1247 4070; x_wconf 79' lang='lat' dir='ltr'>commutantur,</span> 
     </span>
    </p>
   </div>
   <div class='ocr_carea' id='block_1_3' title="bbox 0 0 1430 4686">
    <p class='ocr_par' dir='ltr' id='par_1_5' title="bbox 0 0 1430 4686">
     <span class='ocr_line' id='line_1_35' title="bbox 0 0 1430 4686; baseline 0 1"><span class='ocrx_word' id='word_1_292' title='bbox 0 0 1430 4686; x_wconf 95' lang='lat' dir='ltr'> </span> 
     </span>
    </p>
   </div>
  </div>
 </body>
</html>
