2850 4686
614 373 811 428 ..3-

178 575 233 642 est,
267 569 314 626 cni
348 587 365 625 a
397 568 522 643 Pepem,
556 567 606 642 qui
638 567 750 642 primus
782 567 888 624 libnrm
921 568 1057 639 contulit,
1092 567 1247 625 Lusaticus

176 693 281 733 nomen
306 674 408 731 datum
433 678 485 731 est.
533 671 596 744 Quo
621 673 658 730 de
682 673 781 731 codice
804 674 933 748 Peperus
956 679 1034 731 tomo
1050 673 1147 731 LXIX
1172 692 1248 731 anno

178 782 261 839 1893
279 780 358 838 edito
376 779 454 837 illius
468 780 607 854 corporis
626 780 705 854 qnod
718 779 888 838 inscribitur
902 779 1016 853 „Neues
1029 780 1247 838 Lausitaiscbea
1328 771 1331 776 ’

176 887 328 961 Magazin“
352 886 443 944 refert
467 895 497 943 et
520 891 635 961 praeter
659 886 884 960 descriptionem
908 886 974 944 libri
999 892 1029 944 et
1052 887 1137 944 ouius
1161 887 1246 961 pretii

176 994 217 1052 sit
240 999 269 1052 et
292 995 342 1070 qui
367 993 449 1051 locus
472 994 543 1051 huic
567 993 639 1051 libro
663 993 739 1051 inter
762 993 892 1068 reliquos
914 994 1044 1069 Properti
1069 994 1185 1052 codices
1209 995 1248 1052 sit

175 1101 357 1174 tribuendus,
385 1101 587 1159 demonstrare
615 1109 745 1159 conatur.
797 1101 842 1158 Ad
876 1101 1040 1176 opinionem
1073 1101 1245 1159 firmandam

175 1209 293 1267 collatio
327 1208 419 1267 totius
450 1208 517 1266 libri
547 1207 633 1283 primi
667 1214 697 1266 et
727 1208 875 1282 graviores
906 1208 1047 1266 lectiones
1075 1227 1112 1266 ex
1140 1209 1246 1266 ceteris

176 1315 262 1374 libris
287 1314 413 1373 selectae
436 1315 579 1390 aPepero
603 1315 721 1372 additae
746 1320 822 1372 sunt.
855 1313 947 1387 Quam
972 1315 1075 1390 Pepori
1100 1334 1246 1373 commen-

177 1423 317 1481 tationem
334 1423 369 1480 ab
385 1423 519 1480 omnibus
537 1422 607 1480 viris
631 1422 724 1480 doctis
739 1423 902 1496 neglectam
923 1441 991 1480 cum
1014 1424 1078 1498 ipse
1095 1423 1245 1481 Theodoro

176 1529 269 1587 Birtio
296 1535 414 1588 auctore
441 1529 607 1588 accuratius
636 1535 773 1604 reputare
797 1529 968 1604 coepissem,
992 1529 1149 1588 Lusaticus
1174 1531 1244 1587 mihi

176 1655 294 1712 quoque
322 1637 431 1712 dignus
454 1655 518 1695 esse
542 1637 701 1705 videbatur,
726 1637 775 1711 qui
801 1637 877 1694 inter
900 1636 1016 1694 codices
1040 1637 1243 1696 auctoritatem

178 1745 319 1802 habentes
343 1745 530 1820 reciperetur.
577 1744 744 1818 Propterea,
774 1750 807 1800 ut
834 1744 999 1801 accuratius
1028 1745 1106 1802 hnnc
1134 1745 1242 1802 librum

180 1851 351 1909 Lusaticum
386 1868 601 1925 cognoscerem,
629 1850 828 1925 Marpurgium
858 1851 1044 1908 transmissus
1074 1857 1128 1922 est,
1166 1851 1244 1926 quod

175 1959 396 2018 munificentiae
419 1977 454 2016 ac
483 1958 702 2016 benevolentiae
732 1957 972 2015 bibliothecarum
997 1956 1189 2015 Gorlitzianae
1202 1944 1243 2016 ¹et

175 2066 406 2142 Marpurgieusis
435 2066 536 2124 debeo
588 2063 681 2137 Quem
705 2066 753 2122 ubi
778 2064 910 2136 excussi,
939 2065 1045 2139 opinio,
1078 2083 1153 2140 quae
1185 2065 1243 2123 luit

176 2174 304 2232 codicem
338 2173 511 2231 auctoritate
546 2191 603 2230 non
633 2191 741 2245 carere,
773 2172 859 2229 valde
889 2172 1004 2229 firmata
1033 2177 1085 2243 est,
1118 2177 1151 2229 ut
1180 2171 1244 2246 ipse

176 2282 281 2359 Peperi
306 2280 578 2339 commentationem
595 2280 763 2337 continuare
786 2280 936 2337 auderem.
968 2278 1071 2354 ltaque
1088 2278 1242 2337 collatione

174 2388 266 2446 totius
290 2387 355 2446 libri
380 2388 510 2462 perlecta
533 2388 648 2445 tabulas
669 2392 698 2445 et
715 2387 842 2445 Lusatici
867 2392 897 2444 et
920 2391 1084 2444 ceterorum
1108 2385 1241 2443 codicum

174 2495 318 2554 lectiones
350 2495 533 2553 continentes
565 2494 694 2562 institui,
733 2494 840 2569 quibus
875 2494 1079 2551 anctoritatem
1112 2492 1241 2551 Lusatici

173 2601 412 2659 demonstrarem.
466 2601 567 2659 Totam
600 2619 666 2659 vero
698 2600 779 2658 illam
809 2601 876 2658 libri
908 2600 1101 2673 collationem,
1133 2601 1242 2676 qnippe

176 2726 253 2783 qnae
276 2707 398 2766 nimium
427 2708 482 2766 sibi
510 2708 597 2784 spatii
626 2709 763 2784 postulet,
793 2708 847 2764 hac
869 2708 899 2764 in
928 2707 1133 2766 dissertatione
1157 2708 1241 2765 omisi

173 2814 291 2890 alioque
314 2815 378 2873 loco
402 2817 433 2872 in
455 2816 604 2891 publicum
629 2817 765 2874 emittere
793 2815 864 2872 mihi
894 2814 1039 2890 proposui.
1078 2815 1242 2887 Praeterea,

174 2921 254 2997 quod
284 2921 429 2998 Peperum
461 2923 491 2979 in
523 2941 575 2980 sua
603 2923 801 2998 descriptione
834 2923 900 2980 libri
932 2928 1039 2980 rectam
1068 2922 1242 2980 sententiam

174 3029 324 3086 nonnullis
351 3029 424 3088 locis
447 3048 505 3087 non
532 3030 692 3105 protulisse
720 3030 849 3103 arbitror,
878 3029 1010 3086 habitum
1040 3029 1148 3087 codicis
1176 3048 1242 3087 cum

174 3153 246 3192 cura
269 3135 433 3193 describere
456 3154 530 3212 opus
554 3155 620 3195 esse
646 3137 716 3194 mihi
741 3137 836 3193 visum
860 3140 911 3194 est.

322 3631 378 3696 De
404 3619 546 3698 codicis
570 3631 741 3698 Lusatici
767 3634 901 3697 habitu
927 3640 1099 3698 externo.

265 3759 421 3818 Lusaticus
449 3762 542 3819 codex
569 3767 615 3819 est
643 3763 816 3820 chartaceus
844 3763 935 3820 forma
963 3768 1064 3820 octava
1098 3763 1242 3837 habetque
1290 3800 1291 3803 =

174 3870 381 3939 tegumentum
404 3886 442 3926 cx
466 3867 572 3942 ligneis
596 3869 712 3927 tabellis
735 3869 812 3927 corio
837 3869 963 3927 iuthictis
984 3870 1188 3944 compositum,
1213 3871 1240 3926 in

174 3989 233 4048 quo
256 3971 388 4032 claustra
410 3974 480 4032 olim
502 3975 596 4034 inisse
620 3975 708 4034 etiam
732 3995 810 4034 nunc
832 3976 968 4050 cognosci
992 3982 1098 4053 potest.
1146 3977 1240 4034 Huius

1141 4099 1170 4149 1*
