<?xml version="1.0" encoding="UTF-8"?>
<!DOCTYPE html PUBLIC "-//W3C//DTD XHTML 1.0 Transitional//EN"
    "http://www.w3.org/TR/xhtml1/DTD/xhtml1-transitional.dtd">
<html xmlns="http://www.w3.org/1999/xhtml" xml:lang="en" lang="en">
 <head>
  <title>
</title>
<meta http-equiv="Content-Type" content="text/html;charset=utf-8" />
  <meta name='ocr-system' content='tesseract 3.04.00' />
  <meta name='ocr-capabilities' content='ocr_page ocr_carea ocr_par ocr_line ocrx_word'/>
</head>
<body>
  <div class='ocr_page' id='page_1' title='image "./deproperticodic00khgoog_0074.png"; bbox 0 0 2850 4686; ppageno 0'>
   <div class='ocr_carea' id='block_1_1' title="bbox 510 360 730 419">
    <p class='ocr_par' dir='ltr' id='par_1_1' title="bbox 510 360 730 419">
     <span class='ocr_line' id='line_1_1' title="bbox 510 360 730 419; baseline -0.009 -14"><span class='ocrx_word' id='word_1_1' title='bbox 510 360 730 419; x_wconf 81' lang='grc'>..65-</span> 
     </span>
    </p>
   </div>
   <div class='ocr_carea' id='block_1_2' title="bbox 84 554 1158 846">
    <p class='ocr_par' dir='ltr' id='par_1_2' title="bbox 84 554 1158 846">
     <span class='ocr_line' id='line_1_2' title="bbox 84 554 1158 631; baseline 0 -17"><span class='ocrx_word' id='word_1_2' title='bbox 84 561 116 614; x_wconf 90' lang='lat' dir='ltr'>et</span> <span class='ocrx_word' id='word_1_3' title='bbox 139 555 175 614; x_wconf 92' lang='lat' dir='ltr'><em>N</em></span> <span class='ocrx_word' id='word_1_4' title='bbox 196 575 228 612; x_wconf 83' lang='lat' dir='ltr'>m</span> <span class='ocrx_word' id='word_1_5' title='bbox 258 557 279 612; x_wconf 82' lang='lat'><em>2</em></span> <span class='ocrx_word' id='word_1_6' title='bbox 306 554 488 631; x_wconf 86' lang='lat' dir='ltr'>discrepant,</span> <span class='ocrx_word' id='word_1_7' title='bbox 517 560 696 614; x_wconf 88' lang='lat' dir='ltr'>correcturas</span> <span class='ocrx_word' id='word_1_8' title='bbox 723 575 740 613; x_wconf 88' lang='lat' dir='ltr'>a</span> <span class='ocrx_word' id='word_1_9' title='bbox 769 555 830 613; x_wconf 88' lang='lat' dir='ltr'>viro</span> <span class='ocrx_word' id='word_1_10' title='bbox 859 556 945 614; x_wconf 85' lang='lat' dir='ltr'>docto</span> <span class='ocrx_word' id='word_1_11' title='bbox 975 556 1004 613; x_wconf 91' lang='lat' dir='ltr'>in</span> <span class='ocrx_word' id='word_1_12' title='bbox 1028 557 1063 614; x_wconf 90' lang='lat' dir='ltr'><em>N</em></span> <span class='ocrx_word' id='word_1_13' title='bbox 1080 576 1111 614; x_wconf 80' lang='lat' dir='ltr'>nr</span> <span class='ocrx_word' id='word_1_14' title='bbox 1137 559 1158 614; x_wconf 93' lang='grc'><em>2</em></span> 
     </span>
     <span class='ocr_line' id='line_1_3' title="bbox 84 661 1158 737; baseline 0.001 -17"><span class='ocrx_word' id='word_1_15' title='bbox 84 662 184 720; x_wconf 85' lang='lat' dir='ltr'>illatas</span> <span class='ocrx_word' id='word_1_16' title='bbox 212 679 278 720; x_wconf 90' lang='lat' dir='ltr'>esse</span> <span class='ocrx_word' id='word_1_17' title='bbox 301 661 389 737; x_wconf 87' lang='lat' dir='ltr'>plane</span> <span class='ocrx_word' id='word_1_18' title='bbox 413 667 549 737; x_wconf 86' lang='lat' dir='ltr'>apparet,</span> <span class='ocrx_word' id='word_1_19' title='bbox 578 679 645 720; x_wconf 91' lang='lat' dir='ltr'>oum</span> <span class='ocrx_word' id='word_1_20' title='bbox 669 663 696 719; x_wconf 91' lang='lat' dir='ltr'><em>L</em></span> <span class='ocrx_word' id='word_1_21' title='bbox 719 681 785 720; x_wconf 87' lang='lat' dir='ltr'>cum</span> <span class='ocrx_word' id='word_1_22' title='bbox 809 663 916 721; x_wconf 86' lang='lat' dir='ltr'>ceteris</span> <span class='ocrx_word' id='word_1_23' title='bbox 940 663 1090 721; x_wconf 80' lang='lat' dir='ltr'>codicibus</span> <span class='ocrx_word' id='word_1_24' title='bbox 1114 683 1158 721; x_wconf 87' lang='lat' dir='ltr'>ar-</span> 
     </span>
     <span class='ocr_line' id='line_1_4' title="bbox 84 769 541 846; baseline 0 -18"><span class='ocrx_word' id='word_1_25' title='bbox 84 769 207 846; x_wconf 86' lang='lat' dir='ltr'>chetypi</span> <span class='ocrx_word' id='word_1_26' title='bbox 231 774 347 829; x_wconf 87' lang='lat' dir='ltr'>textum</span> <span class='ocrx_word' id='word_1_27' title='bbox 373 769 541 828; x_wconf 85' lang='lat' dir='ltr'>servaverit.</span> 
     </span>
    </p>
   </div>
   <div class='ocr_carea' id='block_1_3' title="bbox 83 911 1158 1735">
    <p class='ocr_par' dir='ltr' id='par_1_3' title="bbox 83 911 1158 1735">
     <span class='ocr_line' id='line_1_5' title="bbox 176 911 1156 989; baseline 0.003 -20"><span class='ocrx_word' id='word_1_28' title='bbox 176 912 278 988; x_wconf 88' lang='lat' dir='ltr'>Itaque</span> <span class='ocrx_word' id='word_1_29' title='bbox 301 912 340 985; x_wconf 98' lang='lat' dir='ltr'>L,</span> <span class='ocrx_word' id='word_1_30' title='bbox 369 911 419 970; x_wconf 94' lang='lat' dir='ltr'>ubi</span> <span class='ocrx_word' id='word_1_31' title='bbox 450 931 517 970; x_wconf 92' lang='lat' dir='ltr'>cum</span> <span class='ocrx_word' id='word_1_32' title='bbox 545 912 607 970; x_wconf 90' lang='lat' dir='ltr'>solo</span> <span class='ocrx_word' id='word_1_33' title='bbox 631 913 667 970; x_wconf 90' lang='lat' dir='ltr'><em>N</em></span> <span class='ocrx_word' id='word_1_34' title='bbox 683 913 765 982; x_wconf 86' lang='lat' dir='ltr'>iacit,</span> <span class='ocrx_word' id='word_1_35' title='bbox 794 931 832 971; x_wconf 93' lang='lat' dir='ltr'>ex</span> <span class='ocrx_word' id='word_1_36' title='bbox 860 933 880 971; x_wconf 91' lang='lat' dir='ltr'>x</span> <span class='ocrx_word' id='word_1_37' title='bbox 911 931 1073 989; x_wconf 89' lang='lat' dir='ltr'>suspensus</span> <span class='ocrx_word' id='word_1_38' title='bbox 1103 920 1156 987; x_wconf 88' lang='lat' dir='ltr'>est,</span> 
     </span>
     <span class='ocr_line' id='line_1_6' title="bbox 85 1018 1158 1096; baseline 0.003 -20"><span class='ocrx_word' id='word_1_39' title='bbox 85 1018 138 1078; x_wconf 91' lang='lat' dir='ltr'>ubi</span> <span class='ocrx_word' id='word_1_40' title='bbox 172 1037 240 1077; x_wconf 91' lang='lat' dir='ltr'>cum</span> <span class='ocrx_word' id='word_1_41' title='bbox 272 1018 369 1091; x_wconf 79' lang='lat' dir='ltr'>NDV,</span> <span class='ocrx_word' id='word_1_42' title='bbox 392 1037 430 1077; x_wconf 89' lang='lat' dir='ltr'>ex</span> <span class='ocrx_word' id='word_1_43' title='bbox 465 1037 485 1092; x_wconf 84' lang='lat' dir='ltr'>y</span> <span class='ocrx_word' id='word_1_44' title='bbox 520 1019 642 1093; x_wconf 79' lang='lat' dir='ltr'>pendet,</span> <span class='ocrx_word' id='word_1_45' title='bbox 679 1019 803 1095; x_wconf 81' lang='lat' dir='ltr'>(lenique</span> <span class='ocrx_word' id='word_1_46' title='bbox 837 1038 889 1078; x_wconf 90' lang='lat' dir='ltr'>eae</span> <span class='ocrx_word' id='word_1_47' title='bbox 922 1039 1038 1096; x_wconf 87' lang='lat' dir='ltr'>quoque</span> <span class='ocrx_word' id='word_1_48' title='bbox 1072 1039 1158 1079; x_wconf 87' lang='lat' dir='ltr'>verae</span> 
     </span>
     <span class='ocr_line' id='line_1_7' title="bbox 83 1125 1157 1201; baseline 0.002 -17"><span class='ocrx_word' id='word_1_49' title='bbox 83 1125 234 1199; x_wconf 87' lang='lat' dir='ltr'>lectiones,</span> <span class='ocrx_word' id='word_1_50' title='bbox 259 1143 333 1201; x_wconf 88' lang='lat' dir='ltr'>quas</span> <span class='ocrx_word' id='word_1_51' title='bbox 356 1143 424 1183; x_wconf 91' lang='lat' dir='ltr'>cum</span> <span class='ocrx_word' id='word_1_52' title='bbox 448 1125 483 1182; x_wconf 95' lang='lat' dir='ltr'><em>N</em></span> <span class='ocrx_word' id='word_1_53' title='bbox 500 1143 532 1182; x_wconf 83' lang='lat' dir='ltr'>m</span> <span class='ocrx_word' id='word_1_54' title='bbox 557 1127 577 1182; x_wconf 87' lang='grc'><em>2</em></span> <span class='ocrx_word' id='word_1_55' title='bbox 600 1125 688 1183; x_wconf 91' lang='lat' dir='ltr'>simul</span> <span class='ocrx_word' id='word_1_56' title='bbox 712 1132 742 1184; x_wconf 91' lang='lat' dir='ltr'>et</span> <span class='ocrx_word' id='word_1_57' title='bbox 760 1126 849 1183; x_wconf 84' lang='lat' dir='ltr'>DVN</span> <span class='ocrx_word' id='word_1_58' title='bbox 868 1145 1038 1185; x_wconf 90' lang='lat' dir='ltr'>communes</span> <span class='ocrx_word' id='word_1_59' title='bbox 1062 1128 1157 1200; x_wconf 89' lang='lat' dir='ltr'>habet,</span> 
     </span>
     <span class='ocr_line' id='line_1_8' title="bbox 84 1232 1157 1310; baseline 0.003 -20"><span class='ocrx_word' id='word_1_60' title='bbox 84 1251 125 1291; x_wconf 88' lang='lat' dir='ltr'>ex</span> <span class='ocrx_word' id='word_1_61' title='bbox 152 1251 185 1306; x_wconf 87' lang='lat' dir='ltr'>y,</span> <span class='ocrx_word' id='word_1_62' title='bbox 215 1251 273 1290; x_wconf 91' lang='lat' dir='ltr'>non</span> <span class='ocrx_word' id='word_1_63' title='bbox 299 1250 338 1290; x_wconf 90' lang='lat' dir='ltr'>ex</span> <span class='ocrx_word' id='word_1_64' title='bbox 360 1251 382 1290; x_wconf 89' lang='lat' dir='ltr'><strong>x</strong></span> <span class='ocrx_word' id='word_1_65' title='bbox 404 1232 530 1290; x_wconf 85' lang='lat' dir='ltr'>fluxisse</span> <span class='ocrx_word' id='word_1_66' title='bbox 555 1232 696 1290; x_wconf 79' lang='lat' dir='ltr'>dicendae</span> <span class='ocrx_word' id='word_1_67' title='bbox 722 1239 798 1291; x_wconf 89' lang='lat' dir='ltr'>sunt.</span> <span class='ocrx_word' id='word_1_68' title='bbox 844 1233 908 1292; x_wconf 90' lang='lat' dir='ltr'>Hoc</span> <span class='ocrx_word' id='word_1_69' title='bbox 932 1252 1047 1310; x_wconf 92' lang='lat' dir='ltr'>quoque</span> <span class='ocrx_word' id='word_1_70' title='bbox 1072 1236 1157 1294; x_wconf 90' lang='lat' dir='ltr'>modo</span> 
     </span>
     <span class='ocr_line' id='line_1_9' title="bbox 84 1338 1158 1416; baseline 0.001 -19"><span class='ocrx_word' id='word_1_71' title='bbox 84 1338 244 1398; x_wconf 83' lang='lat' dir='ltr'>nonnullae</span> <span class='ocrx_word' id='word_1_72' title='bbox 272 1338 369 1397; x_wconf 84' lang='lat' dir='ltr'>variae</span> <span class='ocrx_word' id='word_1_73' title='bbox 397 1338 539 1397; x_wconf 89' lang='lat' dir='ltr'>lectiones</span> <span class='ocrx_word' id='word_1_74' title='bbox 568 1339 710 1415; x_wconf 87' lang='lat' dir='ltr'>explicari</span> <span class='ocrx_word' id='word_1_75' title='bbox 734 1344 858 1414; x_wconf 89' lang='lat' dir='ltr'>possunt</span> <span class='ocrx_word' id='word_1_76' title='bbox 881 1345 915 1398; x_wconf 93' lang='lat' dir='ltr'>ut</span> <span class='ocrx_word' id='word_1_77' title='bbox 939 1340 981 1397; x_wconf 87' lang='lat' dir='ltr'>IV</span> <span class='ocrx_word' id='word_1_78' title='bbox 1013 1343 1039 1413; x_wconf 83' lang='lat'>7,</span> <span class='ocrx_word' id='word_1_79' title='bbox 1052 1343 1107 1416; x_wconf 77' lang='lat'>813</span> <span class='ocrx_word' id='word_1_80' title='bbox 1137 1360 1158 1398; x_wconf 96' lang='lat' dir='ltr'>x</span> 
     </span>
     <span class='ocr_line' id='line_1_10' title="bbox 85 1446 1158 1523; baseline 0 -18"><span class='ocrx_word' id='word_1_81' title='bbox 85 1446 165 1505; x_wconf 89' lang='lat' dir='ltr'>enim</span> <span class='ocrx_word' id='word_1_82' title='bbox 193 1446 278 1517; x_wconf 80' lang='lat' dir='ltr'>onio,</span> <span class='ocrx_word' id='word_1_83' title='bbox 310 1446 388 1521; x_wconf 90' lang='lat' dir='ltr'>quod</span> <span class='ocrx_word' id='word_1_84' title='bbox 412 1450 526 1504; x_wconf 89' lang='lat' dir='ltr'>rectum</span> <span class='ocrx_word' id='word_1_85' title='bbox 551 1451 605 1519; x_wconf 88' lang='lat' dir='ltr'>est,</span> <span class='ocrx_word' id='word_1_86' title='bbox 638 1446 803 1518; x_wconf 71' lang='lat' dir='ltr'>exhibebat,</span> <span class='ocrx_word' id='word_1_87' title='bbox 829 1446 934 1505; x_wconf 90' lang='lat' dir='ltr'>deinde</span> <span class='ocrx_word' id='word_1_88' title='bbox 959 1447 1104 1523; x_wconf 88' lang='lat' dir='ltr'>scriptura</span> <span class='ocrx_word' id='word_1_89' title='bbox 1127 1447 1158 1505; x_wconf 92' lang='lat' dir='ltr'>in</span> 
     </span>
     <span class='ocr_line' id='line_1_11' title="bbox 84 1551 1158 1630; baseline 0.002 -20"><span class='ocrx_word' id='word_1_90' title='bbox 84 1572 109 1627; x_wconf 79' lang='lat' dir='ltr'>y</span> <span class='ocrx_word' id='word_1_91' title='bbox 141 1558 253 1611; x_wconf 87' lang='lat' dir='ltr'>mutata</span> <span class='ocrx_word' id='word_1_92' title='bbox 284 1551 399 1611; x_wconf 87' lang='lat' dir='ltr'>exstitit</span> <span class='ocrx_word' id='word_1_93' title='bbox 431 1570 512 1624; x_wconf 81' lang='lat' dir='ltr'>omo,</span> <span class='ocrx_word' id='word_1_94' title='bbox 549 1557 582 1610; x_wconf 91' lang='lat' dir='ltr'>ut</span> <span class='ocrx_word' id='word_1_95' title='bbox 614 1552 781 1611; x_wconf 81' lang='lat' dir='ltr'>etiamnunc</span> <span class='ocrx_word' id='word_1_96' title='bbox 812 1553 841 1610; x_wconf 90' lang='lat' dir='ltr'>in</span> <span class='ocrx_word' id='word_1_97' title='bbox 874 1554 900 1610; x_wconf 89' lang='lat' dir='ltr'><em>L</em></span> <span class='ocrx_word' id='word_1_98' title='bbox 929 1554 989 1611; x_wconf 91' lang='lat' dir='ltr'>solo</span> <span class='ocrx_word' id='word_1_99' title='bbox 1014 1554 1158 1630; x_wconf 87' lang='lat' dir='ltr'>scriptum</span> 
     </span>
     <span class='ocr_line' id='line_1_12' title="bbox 86 1659 1106 1735; baseline 0.003 -18"><span class='ocrx_word' id='word_1_100' title='bbox 86 1660 232 1734; x_wconf 82' lang='lat' dir='ltr'>videmus,</span> <span class='ocrx_word' id='word_1_101' title='bbox 257 1659 287 1717; x_wconf 95' lang='lat' dir='ltr'>id</span> <span class='ocrx_word' id='word_1_102' title='bbox 310 1679 331 1734; x_wconf 84' lang='lat' dir='ltr'><strong>y</strong></span> <span class='ocrx_word' id='word_1_103' title='bbox 354 1659 458 1718; x_wconf 88' lang='lat' dir='ltr'>classis</span> <span class='ocrx_word' id='word_1_104' title='bbox 482 1659 597 1718; x_wconf 89' lang='lat' dir='ltr'>codices</span> <span class='ocrx_word' id='word_1_105' title='bbox 620 1666 722 1735; x_wconf 84' lang='lat' dir='ltr'>postea</span> <span class='ocrx_word' id='word_1_106' title='bbox 746 1661 774 1717; x_wconf 91' lang='lat' dir='ltr'>in</span> <span class='ocrx_word' id='word_1_107' title='bbox 798 1661 885 1718; x_wconf 80' lang='lat' dir='ltr'>borno</span> <span class='ocrx_word' id='word_1_108' title='bbox 909 1666 1106 1720; x_wconf 81' lang='lat' dir='ltr'>mutaverunt.</span> 
     </span>
    </p>
   </div>
   <div class='ocr_carea' id='block_1_4' title="bbox 85 1803 1160 2646">
    <p class='ocr_par' dir='ltr' id='par_1_4' title="bbox 85 1803 1160 2646">
     <span class='ocr_line' id='line_1_13' title="bbox 177 1803 1158 1880; baseline 0.001 -19"><span class='ocrx_word' id='word_1_109' title='bbox 177 1803 334 1879; x_wconf 86' lang='lat' dir='ltr'>Reliquum</span> <span class='ocrx_word' id='word_1_110' title='bbox 357 1807 411 1876; x_wconf 91' lang='lat' dir='ltr'>est,</span> <span class='ocrx_word' id='word_1_111' title='bbox 435 1808 468 1860; x_wconf 89' lang='lat' dir='ltr'>ut</span> <span class='ocrx_word' id='word_1_112' title='bbox 492 1803 529 1860; x_wconf 87' lang='lat' dir='ltr'>de</span> <span class='ocrx_word' id='word_1_113' title='bbox 551 1803 650 1878; x_wconf 88' lang='lat' dir='ltr'>pravis</span> <span class='ocrx_word' id='word_1_114' title='bbox 673 1803 847 1861; x_wconf 86' lang='lat' dir='ltr'>lectionibus</span> <span class='ocrx_word' id='word_1_115' title='bbox 862 1804 889 1860; x_wconf 92' lang='lat' dir='ltr'><em>L</em></span> <span class='ocrx_word' id='word_1_116' title='bbox 905 1803 1015 1862; x_wconf 88' lang='lat' dir='ltr'>codicis</span> <span class='ocrx_word' id='word_1_117' title='bbox 1031 1804 1158 1880; x_wconf 88' lang='lat' dir='ltr'>propriis</span> 
     </span>
     <span class='ocr_line' id='line_1_14' title="bbox 85 1910 1157 1988; baseline -0.001 -19"><span class='ocrx_word' id='word_1_118' title='bbox 85 1930 182 1988; x_wconf 83' lang='lat' dir='ltr'>pauco</span> <span class='ocrx_word' id='word_1_119' title='bbox 212 1911 327 1969; x_wconf 88' lang='lat' dir='ltr'>addam.</span> <span class='ocrx_word' id='word_1_120' title='bbox 388 1910 618 1985; x_wconf 86' lang='lat' dir='ltr'>Depraratorum</span> <span class='ocrx_word' id='word_1_121' title='bbox 653 1910 731 1968; x_wconf 86' lang='lat' dir='ltr'>enim</span> <span class='ocrx_word' id='word_1_122' title='bbox 763 1910 894 1968; x_wconf 91' lang='lat' dir='ltr'>locorum</span> <span class='ocrx_word' id='word_1_123' title='bbox 927 1929 1067 1969; x_wconf 90' lang='lat' dir='ltr'>numerus</span> <span class='ocrx_word' id='word_1_124' title='bbox 1100 1929 1157 1969; x_wconf 91' lang='lat' dir='ltr'>non</span> 
     </span>
     <span class='ocr_line' id='line_1_15' title="bbox 85 2016 1157 2094; baseline -0.002 -18"><span class='ocrx_word' id='word_1_125' title='bbox 85 2035 199 2094; x_wconf 88' lang='lat' dir='ltr'>parvus</span> <span class='ocrx_word' id='word_1_126' title='bbox 226 2023 283 2089; x_wconf 91' lang='lat' dir='ltr'>est,</span> <span class='ocrx_word' id='word_1_127' title='bbox 312 2017 364 2075; x_wconf 90' lang='lat' dir='ltr'>sed</span> <span class='ocrx_word' id='word_1_128' title='bbox 392 2016 566 2093; x_wconf 88' lang='lat' dir='ltr'>plerumque</span> <span class='ocrx_word' id='word_1_129' title='bbox 593 2034 707 2075; x_wconf 90' lang='lat' dir='ltr'>errores</span> <span class='ocrx_word' id='word_1_130' title='bbox 736 2017 898 2092; x_wconf 89' lang='lat' dir='ltr'>lapsusque</span> <span class='ocrx_word' id='word_1_131' title='bbox 921 2017 1024 2075; x_wconf 84' lang='lat' dir='ltr'>calami</span> <span class='ocrx_word' id='word_1_132' title='bbox 1048 2016 1157 2077; x_wconf 91' lang='lat' dir='ltr'>librarii</span> 
     </span>
     <span class='ocr_line' id='line_1_16' title="bbox 86 2123 1157 2199; baseline 0.002 -18"><span class='ocrx_word' id='word_1_133' title='bbox 86 2130 159 2182; x_wconf 85' lang='lat' dir='ltr'>sunt</span> <span class='ocrx_word' id='word_1_134' title='bbox 191 2129 223 2181; x_wconf 88' lang='lat' dir='ltr'>ut</span> <span class='ocrx_word' id='word_1_135' title='bbox 254 2124 269 2181; x_wconf 95' lang='lat' dir='ltr'>I</span> <span class='ocrx_word' id='word_1_136' title='bbox 297 2124 326 2193; x_wconf 77' lang='lat'>4,</span> <span class='ocrx_word' id='word_1_137' title='bbox 338 2124 377 2182; x_wconf 89' lang='grc'>25</span> <span class='ocrx_word' id='word_1_138' title='bbox 411 2123 524 2195; x_wconf 83' lang='lat' dir='ltr'>donne,</span> <span class='ocrx_word' id='word_1_139' title='bbox 556 2123 571 2181; x_wconf 91' lang='lat' dir='ltr'>I</span> <span class='ocrx_word' id='word_1_140' title='bbox 605 2125 662 2197; x_wconf 83' lang='lat'>8‚2</span> <span class='ocrx_word' id='word_1_141' title='bbox 694 2123 785 2181; x_wconf 80' lang='lat' dir='ltr'>inber·</span> <span class='ocrx_word' id='word_1_142' title='bbox 816 2142 869 2199; x_wconf 92' lang='lat' dir='ltr'>pro</span> <span class='ocrx_word' id='word_1_143' title='bbox 898 2124 1002 2196; x_wconf 75' lang='lat' dir='ltr'>uilior,</span> <span class='ocrx_word' id='word_1_144' title='bbox 1036 2123 1050 2182; x_wconf 89' lang='grc' dir='ltr'>Ι</span> <span class='ocrx_word' id='word_1_145' title='bbox 1077 2125 1104 2197; x_wconf 84' lang='lat'>9,</span> <span class='ocrx_word' id='word_1_146' title='bbox 1117 2126 1157 2183; x_wconf 85' lang='lat'>28</span> 
     </span>
     <span class='ocr_line' id='line_1_17' title="bbox 85 2228 1157 2316; baseline 0.001 -28"><span class='ocrx_word' id='word_1_147' title='bbox 85 2229 235 2304; x_wconf 78' lang='lat' dir='ltr'>uipib&#39;me,</span> <span class='ocrx_word' id='word_1_148' title='bbox 260 2228 289 2288; x_wconf 91' lang='grc' dir='ltr'><strong><em>Π</em></strong></span> <span class='ocrx_word' id='word_1_149' title='bbox 315 2231 392 2302; x_wconf 82' lang='grc'><strong>1,67</strong></span> <span class='ocrx_word' id='word_1_150' title='bbox 418 2230 547 2305; x_wconf 80' lang='lat' dir='ltr'>repleuit,</span> <span class='ocrx_word' id='word_1_151' title='bbox 572 2230 603 2288; x_wconf 88' lang='lat' dir='ltr'>ll</span> <span class='ocrx_word' id='word_1_152' title='bbox 625 2231 726 2303; x_wconf 82' lang='lat'>15,39</span> <span class='ocrx_word' id='word_1_153' title='bbox 744 2229 822 2316; x_wconf 70' lang='lat' dir='ltr'>‹1on</span> <span class='ocrx_word' id='word_1_154' title='bbox 847 2230 878 2288; x_wconf 88' lang='grc' dir='ltr'>ΙΙ</span> <span class='ocrx_word' id='word_1_155' title='bbox 903 2232 1157 2303; x_wconf 62' lang='lat' dir='ltr'>austroberto,</span> 
     </span>
     <span class='ocr_line' id='line_1_18' title="bbox 86 2354 1160 2430; baseline -0.001 -16"><span class='ocrx_word' id='word_1_156' title='bbox 86 2355 136 2414; x_wconf 86' lang='lat' dir='ltr'>Ill</span> <span class='ocrx_word' id='word_1_157' title='bbox 159 2356 239 2427; x_wconf 81' lang='lat'>5,36</span> <span class='ocrx_word' id='word_1_158' title='bbox 265 2355 406 2427; x_wconf 76' lang='lat' dir='ltr'>Plciodit&#39;,</span> <span class='ocrx_word' id='word_1_159' title='bbox 436 2354 480 2413; x_wconf 86' lang='grc' dir='ltr'>ΙΙΙ</span> <span class='ocrx_word' id='word_1_160' title='bbox 506 2357 555 2428; x_wconf 82' lang='lat'>17,</span> <span class='ocrx_word' id='word_1_161' title='bbox 568 2356 607 2412; x_wconf 85' lang='lat'>25</span> <span class='ocrx_word' id='word_1_162' title='bbox 633 2355 802 2430; x_wconf 79' lang='lat' dir='ltr'>dcpbr&#39;num,</span> <span class='ocrx_word' id='word_1_163' title='bbox 831 2354 875 2413; x_wconf 89' lang='lat' dir='ltr'>Ill</span> <span class='ocrx_word' id='word_1_164' title='bbox 901 2356 1004 2427; x_wconf 82' lang='lat'>22,36</span> <span class='ocrx_word' id='word_1_165' title='bbox 1029 2355 1160 2413; x_wconf 80' lang='lat' dir='ltr'>decorare</span> 
     </span>
     <span class='ocr_line' id='line_1_19' title="bbox 88 2461 1158 2538; baseline 0.006 -20"><span class='ocrx_word' id='word_1_166' title='bbox 88 2461 151 2538; x_wconf 80' lang='lat' dir='ltr'>(sed</span> <span class='ocrx_word' id='word_1_167' title='bbox 181 2480 252 2520; x_wconf 79' lang='lat' dir='ltr'>corr.</span> <span class='ocrx_word' id='word_1_168' title='bbox 285 2481 317 2519; x_wconf 81' lang='lat' dir='ltr'>nr</span> <span class='ocrx_word' id='word_1_169' title='bbox 348 2463 394 2536; x_wconf 85' lang='lat'>2),</span> <span class='ocrx_word' id='word_1_170' title='bbox 431 2461 473 2519; x_wconf 89' lang='lat' dir='ltr'>IV</span> <span class='ocrx_word' id='word_1_171' title='bbox 506 2463 584 2531; x_wconf 79' lang='lat'>1,19</span> <span class='ocrx_word' id='word_1_172' title='bbox 613 2463 817 2536; x_wconf 69' lang='lat' dir='ltr'>Arretinaque,</span> <span class='ocrx_word' id='word_1_173' title='bbox 853 2461 895 2518; x_wconf 89' lang='lat' dir='ltr'>IV</span> <span class='ocrx_word' id='word_1_174' title='bbox 930 2462 1009 2534; x_wconf 83' lang='lat'>3,37</span> <span class='ocrx_word' id='word_1_175' title='bbox 1040 2462 1158 2536; x_wconf 69' lang='lat' dir='ltr'>eoquo,</span> 
     </span>
     <span class='ocr_line' id='line_1_20' title="bbox 87 2568 856 2646; baseline -0.003 -18"><span class='ocrx_word' id='word_1_176' title='bbox 87 2569 133 2628; x_wconf 87' lang='lat' dir='ltr'>IV</span> <span class='ocrx_word' id='word_1_177' title='bbox 157 2570 239 2643; x_wconf 78' lang='lat' dir='ltr'>l,7s</span> <span class='ocrx_word' id='word_1_178' title='bbox 268 2568 494 2646; x_wconf 65' lang='lat' dir='ltr'>rotundisque</span> <span class='ocrx_word' id='word_1_179' title='bbox 517 2569 622 2644; x_wconf 69' lang='lat' dir='ltr'>multa,</span> <span class='ocrx_word' id='word_1_180' title='bbox 648 2568 715 2626; x_wconf 88' lang='lat' dir='ltr'>vide</span> <span class='ocrx_word' id='word_1_181' title='bbox 739 2569 795 2626; x_wconf 84' lang='lat' dir='ltr'>tab.</span> <span class='ocrx_word' id='word_1_182' title='bbox 819 2569 856 2626; x_wconf 92' lang='lat' dir='ltr'>ll.</span> 
     </span>
    </p>
   </div>
   <div class='ocr_carea' id='block_1_5' title="bbox 82 2709 1164 4163">
    <p class='ocr_par' dir='ltr' id='par_1_5' title="bbox 82 2709 1164 4074">
     <span class='ocr_line' id='line_1_21' title="bbox 180 2709 1161 2788; baseline -0.003 -18"><span class='ocrx_word' id='word_1_183' title='bbox 180 2711 283 2788; x_wconf 87' lang='lat' dir='ltr'>Neque</span> <span class='ocrx_word' id='word_1_184' title='bbox 312 2716 409 2770; x_wconf 85' lang='lat' dir='ltr'>tamen</span> <span class='ocrx_word' id='word_1_185' title='bbox 433 2711 588 2770; x_wconf 85' lang='lat' dir='ltr'>Lusaticus</span> <span class='ocrx_word' id='word_1_186' title='bbox 616 2711 708 2769; x_wconf 81' lang='lat' dir='ltr'>codex</span> <span class='ocrx_word' id='word_1_187' title='bbox 736 2710 862 2786; x_wconf 87' lang='lat' dir='ltr'>propriis</span> <span class='ocrx_word' id='word_1_188' title='bbox 889 2709 1161 2786; x_wconf 85' lang='lat' dir='ltr'>interpolationibus</span> 
     </span>
     <span class='ocr_line' id='line_1_22' title="bbox 87 2796 1161 2896; baseline -0.002 -19"><span class='ocrx_word' id='word_1_189' title='bbox 87 2836 213 2896; x_wconf 88' lang='lat' dir='ltr'>prorsus</span> <span class='ocrx_word' id='word_1_190' title='bbox 244 2823 336 2891; x_wconf 90' lang='lat' dir='ltr'>caret,</span> <span class='ocrx_word' id='word_1_191' title='bbox 367 2816 396 2876; x_wconf 89' lang='lat' dir='ltr'>id</span> <span class='ocrx_word' id='word_1_192' title='bbox 428 2819 506 2895; x_wconf 88' lang='lat' dir='ltr'>quod</span> <span class='ocrx_word' id='word_1_193' title='bbox 543 2818 642 2894; x_wconf 85' lang='lat' dir='ltr'>paucis</span> <span class='ocrx_word' id='word_1_194' title='bbox 673 2836 750 2876; x_wconf 92' lang='lat' dir='ltr'>nunc</span> <span class='ocrx_word' id='word_1_195' title='bbox 782 2817 934 2892; x_wconf 83' lang='lat' dir='ltr'>attingam.</span> <span class='ocrx_word' id='word_1_196' title='bbox 987 2816 1047 2876; x_wconf 86' lang='lat' dir='ltr'>Sed</span> <span class='ocrx_word' id='word_1_197' title='bbox 1076 2796 1161 2875; x_wconf 88' lang='lat' dir='ltr'>caute</span> 
     </span>
     <span class='ocr_line' id='line_1_23' title="bbox 88 2922 1160 3001; baseline -0.003 -18"><span class='ocrx_word' id='word_1_198' title='bbox 88 2924 240 3000; x_wconf 85' lang='lat' dir='ltr'>agendum</span> <span class='ocrx_word' id='word_1_199' title='bbox 277 2930 330 3000; x_wconf 79' lang='lat' dir='ltr'>est.</span> <span class='ocrx_word' id='word_1_200' title='bbox 392 2925 496 3001; x_wconf 87' lang='lat' dir='ltr'>ltaque</span> <span class='ocrx_word' id='word_1_201' title='bbox 530 2925 659 3000; x_wconf 89' lang='lat' dir='ltr'>primum</span> <span class='ocrx_word' id='word_1_202' title='bbox 695 2925 812 3000; x_wconf 86' lang='lat' dir='ltr'>quidem</span> <span class='ocrx_word' id='word_1_203' title='bbox 849 2923 981 2982; x_wconf 86' lang='lat' dir='ltr'>mutandi</span> <span class='ocrx_word' id='word_1_204' title='bbox 1013 2922 1160 2981; x_wconf 90' lang='lat' dir='ltr'>libidinem</span> 
     </span>
     <span class='ocr_line' id='line_1_24' title="bbox 88 3025 1162 3108; baseline -0.006 -17"><span class='ocrx_word' id='word_1_205' title='bbox 88 3050 149 3091; x_wconf 90' lang='lat' dir='ltr'>non</span> <span class='ocrx_word' id='word_1_206' title='bbox 179 3025 304 3107; x_wconf 67' lang='lat' dir='ltr'>agnosco</span> <span class='ocrx_word' id='word_1_207' title='bbox 334 3032 365 3090; x_wconf 93' lang='lat' dir='ltr'>in</span> <span class='ocrx_word' id='word_1_208' title='bbox 396 3031 454 3105; x_wconf 89' lang='lat' dir='ltr'>his,</span> <span class='ocrx_word' id='word_1_209' title='bbox 486 3050 561 3108; x_wconf 87' lang='lat' dir='ltr'>quae</span> <span class='ocrx_word' id='word_1_210' title='bbox 592 3037 762 3107; x_wconf 89' lang='lat' dir='ltr'>sequuntur.</span> <span class='ocrx_word' id='word_1_211' title='bbox 808 3032 821 3089; x_wconf 93' lang='lat' dir='ltr'>l</span> <span class='ocrx_word' id='word_1_212' title='bbox 855 3032 934 3103; x_wconf 63' lang='lat' dir='ltr'>eru</span> <span class='ocrx_word' id='word_1_213' title='bbox 966 3034 999 3087; x_wconf 82' lang='lat' dir='ltr'>ut</span> <span class='ocrx_word' id='word_1_214' title='bbox 1028 3034 1052 3087; x_wconf 86' lang='lat' dir='ltr'>te</span> <span class='ocrx_word' id='word_1_215' title='bbox 1083 3028 1162 3103; x_wconf 71' lang='lat' dir='ltr'>soloci</span> 
     </span>
     <span class='ocr_line' id='line_1_25' title="bbox 82 3136 1161 3215; baseline -0.002 -20"><span class='ocrx_word' id='word_1_216' title='bbox 82 3145 263 3215; x_wconf 78' lang='lat' dir='ltr'>pernoctem,</span> <span class='ocrx_word' id='word_1_217' title='bbox 289 3140 329 3198; x_wconf 91' lang='lat' dir='ltr'>ita</span> <span class='ocrx_word' id='word_1_218' title='bbox 353 3140 389 3211; x_wconf 91' lang='lat' dir='ltr'>L,</span> <span class='ocrx_word' id='word_1_219' title='bbox 414 3139 500 3215; x_wconf 88' lang='lat' dir='ltr'>quod,</span> <span class='ocrx_word' id='word_1_220' title='bbox 524 3157 700 3215; x_wconf 81' lang='lat' dir='ltr'>quamquam</span> <span class='ocrx_word' id='word_1_221' title='bbox 716 3139 751 3195; x_wconf 88' lang='lat' dir='ltr'>ad</span> <span class='ocrx_word' id='word_1_222' title='bbox 770 3156 887 3196; x_wconf 90' lang='lat' dir='ltr'>sensum</span> <span class='ocrx_word' id='word_1_223' title='bbox 904 3137 1013 3212; x_wconf 89' lang='lat' dir='ltr'>optime</span> <span class='ocrx_word' id='word_1_224' title='bbox 1028 3136 1161 3212; x_wconf 86' lang='lat' dir='ltr'>quadrat,</span> 
     </span>
     <span class='ocr_line' id='line_1_26' title="bbox 89 3244 1161 3318; baseline -0.005 -14"><span class='ocrx_word' id='word_1_225' title='bbox 89 3251 190 3304; x_wconf 81' lang='lat' dir='ltr'>tamen</span> <span class='ocrx_word' id='word_1_226' title='bbox 214 3246 298 3304; x_wconf 87' lang='lat' dir='ltr'>metri</span> <span class='ocrx_word' id='word_1_227' title='bbox 324 3259 412 3304; x_wconf 83' lang='lat' dir='ltr'>eausa</span> <span class='ocrx_word' id='word_1_228' title='bbox 435 3245 619 3303; x_wconf 78' lang='lat' dir='ltr'>abiciendum</span> <span class='ocrx_word' id='word_1_229' title='bbox 645 3250 698 3302; x_wconf 89' lang='lat' dir='ltr'>est.</span> <span class='ocrx_word' id='word_1_230' title='bbox 746 3244 824 3301; x_wconf 89' lang='lat' dir='ltr'>Illud</span> <span class='ocrx_word' id='word_1_231' title='bbox 844 3248 1008 3318; x_wconf 75' lang='lat' dir='ltr'>pernoctare</span> <span class='ocrx_word' id='word_1_232' title='bbox 1033 3244 1161 3318; x_wconf 90' lang='lat' dir='ltr'>interpo-</span> 
     </span>
     <span class='ocr_line' id='line_1_27' title="bbox 88 3349 1163 3426; baseline -0.004 -16"><span class='ocrx_word' id='word_1_233' title='bbox 88 3352 184 3410; x_wconf 86' lang='lat' dir='ltr'>latum</span> <span class='ocrx_word' id='word_1_234' title='bbox 212 3370 278 3411; x_wconf 89' lang='lat' dir='ltr'>esse</span> <span class='ocrx_word' id='word_1_235' title='bbox 306 3352 428 3411; x_wconf 85' lang='lat' dir='ltr'>videtur.</span> <span class='ocrx_word' id='word_1_236' title='bbox 475 3351 609 3410; x_wconf 83' lang='lat' dir='ltr'>Fortasse</span> <span class='ocrx_word' id='word_1_237' title='bbox 640 3355 738 3409; x_wconf 87' lang='lat' dir='ltr'>autem</span> <span class='ocrx_word' id='word_1_238' title='bbox 768 3351 824 3408; x_wconf 87' lang='lat' dir='ltr'>hoo</span> <span class='ocrx_word' id='word_1_239' title='bbox 852 3368 971 3426; x_wconf 83' lang='lat' dir='ltr'>quoque</span> <span class='ocrx_word' id='word_1_240' title='bbox 995 3349 1058 3407; x_wconf 93' lang='lat' dir='ltr'>loco</span> <span class='ocrx_word' id='word_1_241' title='bbox 1082 3367 1163 3407; x_wconf 87' lang='lat' dir='ltr'>error</span> 
     </span>
     <span class='ocr_line' id='line_1_28' title="bbox 83 3455 1164 3534; baseline -0.005 -17"><span class='ocrx_word' id='word_1_242' title='bbox 83 3458 202 3517; x_wconf 45' lang='lat' dir='ltr'>&gt;librarii</span> <span class='ocrx_word' id='word_1_243' title='bbox 225 3458 402 3530; x_wconf 86' lang='lat' dir='ltr'>intercessit,</span> <span class='ocrx_word' id='word_1_244' title='bbox 435 3459 485 3534; x_wconf 82' lang='lat' dir='ltr'>qui</span> <span class='ocrx_word' id='word_1_245' title='bbox 509 3457 714 3534; x_wconf 88' lang='lat' dir='ltr'>compendium</span> <span class='ocrx_word' id='word_1_246' title='bbox 740 3457 898 3532; x_wconf 73' lang='lat' dir='ltr'>(pzper,</span> <span class='ocrx_word' id='word_1_247' title='bbox 923 3476 941 3531; x_wconf 91' lang='lat' dir='ltr'>p</span> <span class='ocrx_word' id='word_1_248' title='bbox 954 3481 995 3506; x_wconf 89' lang='lat'>=</span> <span class='ocrx_word' id='word_1_249' title='bbox 1006 3455 1086 3531; x_wconf 87' lang='lat' dir='ltr'>prae)</span> <span class='ocrx_word' id='word_1_250' title='bbox 1107 3473 1164 3512; x_wconf 91' lang='lat' dir='ltr'>non</span> 
     </span>
     <span class='ocr_line' id='line_1_29' title="bbox 90 3565 1162 3639; baseline -0.006 -15"><span class='ocrx_word' id='word_1_251' title='bbox 90 3572 172 3624; x_wconf 84' lang='lat' dir='ltr'>recte</span> <span class='ocrx_word' id='word_1_252' title='bbox 195 3565 349 3639; x_wconf 85' lang='lat' dir='ltr'>intellexit,</span> <span class='ocrx_word' id='word_1_253' title='bbox 372 3565 479 3624; x_wconf 87' lang='lat' dir='ltr'>deinde</span> <span class='ocrx_word' id='word_1_254' title='bbox 498 3567 696 3623; x_wconf 81' lang='lat' dir='ltr'>accusativum</span> <span class='ocrx_word' id='word_1_255' title='bbox 708 3569 869 3638; x_wconf 78' lang='lat' dir='ltr'>percoctam</span> <span class='ocrx_word' id='word_1_256' title='bbox 887 3567 1046 3638; x_wconf 85' lang='lat' dir='ltr'>propterte</span> <span class='ocrx_word' id='word_1_257' title='bbox 1062 3580 1162 3619; x_wconf 89' lang='lat' dir='ltr'>vocem</span> 
     </span>
     <span class='ocr_line' id='line_1_30' title="bbox 89 3668 1163 3746; baseline -0.007 -14"><span class='ocrx_word' id='word_1_258' title='bbox 89 3673 315 3732; x_wconf 83' lang='lat' dir='ltr'>antecedentem</span> <span class='ocrx_word' id='word_1_259' title='bbox 341 3672 477 3732; x_wconf 80' lang='lat' dir='ltr'>restituit.</span> <span class='ocrx_word' id='word_1_260' title='bbox 524 3672 552 3729; x_wconf 92' lang='lat' dir='ltr'>ll</span> <span class='ocrx_word' id='word_1_261' title='bbox 576 3673 657 3746; x_wconf 76' lang='lat'>4,23</span> <span class='ocrx_word' id='word_1_262' title='bbox 682 3689 796 3728; x_wconf 72' lang='lat' dir='ltr'>siranus</span> <span class='ocrx_word' id='word_1_263' title='bbox 819 3686 871 3746; x_wconf 87' lang='lat' dir='ltr'>pro</span> <span class='ocrx_word' id='word_1_264' title='bbox 895 3669 992 3744; x_wconf 80' lang='lat' dir='ltr'>sunus</span> <span class='ocrx_word' id='word_1_265' title='bbox 1016 3669 1055 3741; x_wconf 89' lang='lat' dir='ltr'>L,</span> <span class='ocrx_word' id='word_1_266' title='bbox 1085 3668 1163 3744; x_wconf 87' lang='lat' dir='ltr'>quod</span> 
     </span>
     <span class='ocr_line' id='line_1_31' title="bbox 89 3774 1164 3857; baseline -0.007 -19"><span class='ocrx_word' id='word_1_267' title='bbox 89 3781 188 3856; x_wconf 87' lang='lat' dir='ltr'>ipsum</span> <span class='ocrx_word' id='word_1_268' title='bbox 213 3798 331 3857; x_wconf 89' lang='lat' dir='ltr'>qnoque</span> <span class='ocrx_word' id='word_1_269' title='bbox 355 3774 391 3838; x_wconf 85' lang='lat' dir='ltr'>od</span> <span class='ocrx_word' id='word_1_270' title='bbox 415 3797 544 3838; x_wconf 86' lang='lat' dir='ltr'>errorem</span> <span class='ocrx_word' id='word_1_271' title='bbox 568 3777 675 3836; x_wconf 87' lang='lat' dir='ltr'>librarii</span> <span class='ocrx_word' id='word_1_272' title='bbox 701 3776 800 3835; x_wconf 85' lang='lat' dir='ltr'>reterri</span> <span class='ocrx_word' id='word_1_273' title='bbox 823 3782 927 3852; x_wconf 83' lang='lat' dir='ltr'>potest.</span> <span class='ocrx_word' id='word_1_274' title='bbox 973 3774 1047 3833; x_wconf 85' lang='lat' dir='ltr'>Nam</span> <span class='ocrx_word' id='word_1_275' title='bbox 1063 3774 1164 3832; x_wconf 90' lang='lat' dir='ltr'>oculos</span> 
     </span>
     <span class='ocr_line' id='line_1_32' title="bbox 89 3875 1164 3958; baseline -0.007 -12"><span class='ocrx_word' id='word_1_276' title='bbox 89 3887 203 3946; x_wconf 87' lang='lat' dir='ltr'>librarii</span> <span class='ocrx_word' id='word_1_277' title='bbox 218 3887 255 3946; x_wconf 85' lang='lat' dir='ltr'>ad</span> <span class='ocrx_word' id='word_1_278' title='bbox 271 3875 494 3946; x_wconf 84' lang='lat' dir='ltr'>antecedentem</span> <span class='ocrx_word' id='word_1_279' title='bbox 510 3903 610 3944; x_wconf 84' lang='lat' dir='ltr'>vocem</span> <span class='ocrx_word' id='word_1_280' title='bbox 626 3885 784 3942; x_wconf 78' lang='lat' dir='ltr'>miraretur</span> <span class='ocrx_word' id='word_1_281' title='bbox 799 3883 982 3942; x_wconf 79' lang='lat' dir='ltr'>aberravisse</span> <span class='ocrx_word' id='word_1_282' title='bbox 998 3888 1164 3958; x_wconf 87' lang='lat' dir='ltr'>propterea-</span> 
     </span>
     <span class='ocr_line' id='line_1_33' title="bbox 89 3993 830 4074; baseline -0.004 -20"><span class='ocrx_word' id='word_1_283' title='bbox 89 4012 152 4074; x_wconf 87' lang='lat' dir='ltr'>que</span> <span class='ocrx_word' id='word_1_284' title='bbox 175 3994 306 4055; x_wconf 83' lang='lat' dir='ltr'>litteram</span> <span class='ocrx_word' id='word_1_285' title='bbox 328 4007 436 4074; x_wconf 75' lang='lat' dir='ltr'>repro</span> <span class='ocrx_word' id='word_1_286' title='bbox 458 3993 478 4071; x_wconf 85' lang='lat' dir='ltr'><em>f</em></span> <span class='ocrx_word' id='word_1_287' title='bbox 496 3993 637 4071; x_wconf 85' lang='lat' dir='ltr'>scriptam</span> <span class='ocrx_word' id='word_1_288' title='bbox 660 4009 726 4052; x_wconf 87' lang='lat' dir='ltr'>esse</span> <span class='ocrx_word' id='word_1_289' title='bbox 749 3996 830 4070; x_wconf 88' lang='lat' dir='ltr'>puto.</span> 
     </span>
    </p>

    <p class='ocr_par' dir='ltr' id='par_1_6' title="bbox 1039 4111 1055 4163">
     <span class='ocr_line' id='line_1_34' title="bbox 1039 4111 1055 4163; baseline 0 0"><span class='ocrx_word' id='word_1_290' title='bbox 1039 4111 1055 4163; x_wconf 77' lang='lat'><strong>5</strong></span> 
     </span>
    </p>
   </div>
   <div class='ocr_carea' id='block_1_6' title="bbox 0 0 1434 4686">
    <p class='ocr_par' dir='ltr' id='par_1_7' title="bbox 0 0 1434 4686">
     <span class='ocr_line' id='line_1_35' title="bbox 0 0 1434 4686; baseline 0 0"><span class='ocrx_word' id='word_1_291' title='bbox 0 0 1434 4686; x_wconf 95' lang='lat' dir='ltr'> </span> 
     </span>
    </p>
   </div>
  </div>
 </body>
</html>
