2850 4686
265 1523 357 1640 Inter
384 1581 463 1639 viros
492 1581 601 1654 doctos,
634 1581 683 1656 qui
713 1581 749 1638 de
777 1581 910 1656 Properti
941 1581 1118 1639 carminibus
1146 1599 1244 1639 reeen-

176 1687 643 1763 666111661666666111666611666
667 1687 763 1745 meriti
793 1693 868 1761 suut,
893 1687 1015 1745 Carolus
1038 1687 1243 1744 Imohrnannus

174 1812 244 1869 prae
267 1794 373 1853 ceteris
396 1799 442 1852 est
466 1794 639 1867 laudandus,
665 1794 771 1870 quiex
788 1813 893 1868 magna
918 1793 1051 1851 codicum
1068 1793 1145 1851 rnole
1168 1794 1243 1851 duos

173 1899 272 1975 elegit,
295 1901 324 1958 in
348 1901 455 1977 quibus
478 1906 578 1959 textus
603 1900 775 1958 restituendi
803 1901 1028 1959 tundamentum
1051 1919 1118 1958 6666
1143 1900 1242 1972 voluit,

175 2003 404 2080 Groningianurn
436 2013 466 2065 et
490 1986 736 2082 Neapolitanum,
772 2025 899 2083 quorum
929 2006 1011 2065 alteri
1043 2005 1242 2082 Groningiano

174 2112 299 2187 priorem
327 2113 422 2172 loourn
450 2113 561 2186 tribuit,
590 2113 779 2188 Neapolitano
804 2114 977 2187 seeundum,
1001 2113 1041 2171 ita
1069 2119 1175 2186 tamen,
1207 2117 1243 2171 61

167 2219 274 2277 ,666166
307 2219 334 2278 G
362 2220 412 2277 vix
442 2220 561 2278 inlerior
590 2226 679 2278 66661.
730 2221 826 2279 Etiam
855 2221 1065 2295 Hertzbergius
1098 2220 1127 2277 ln
1160 2239 1241 2295 prae

173 2325 282 2383 tatione
312 2325 449 2384 editionis
480 2326 621 2384 disseruit
652 2326 797 2402 optimum
825 2327 956 2385 eodioem
984 2344 1051 2384 6666
1085 2327 1118 2399 (1ยน,
1149 2345 1238 2402 quarn

174 2433 350 2490 sententiam
374 2433 487 2491 Keilius
515 2435 544 2491 in
571 2434 776 2492 dissertatione
800 2434 917 2492 Bonnae
945 2435 1027 2491 1843
1057 2432 1135 2491 edita
1165 2434 1241 2491 relu-

174 2538 257 2611 16111,
285 2557 352 2596 oum
380 2546 411 2597 61
438 2539 465 2598 d
488 2540 586 2615 ipsum
614 2540 692 2598 haud
720 2542 822 2615 paucis
845 2540 917 2598 loeis
940 2539 1148 2615 interpolatum
1173 2557 1239 2598 esse

174 2645 389 2704 demonstraret
404 2652 435 2705 et
449 2646 642 2723 Neapolitano
658 2665 681 2705 o.
706 2665 803 2722 parem
828 2647 1030 2705 auctoritatem
1055 2646 1239 2704 tribuendam

173 2769 241 2810 esse
265 2752 417 2812 iudicaret.
463 2752 577 2812 Deinde
602 2754 817 2812 Heirnreiohius
842 2757 964 2830 (quaest.
990 2753 1120 2828 Propert.
1145 2753 1236 2811 Bonn.

177 2859 273 2932 1863)
305 2859 331 2917 G
359 2859 445 2935 plane
475 2861 673 2936 spernendum
704 2879 770 2919 esse
800 2861 1002 2919 demonstrare
1033 2865 1153 2918 conatus
1184 2865 1239 2930 est,

174 2984 232 3040 qua
254 2965 290 3023 de
319 2967 463 3025 sententia
487 2965 636 3025 Grumrnio
664 2968 820 3048 persuasit,
848 2969 899 3044 qui
927 2975 957 3025 61
985 2967 1048 3043 ipse
1073 2965 1129 3043 (De
1153 2967 1238 3024 oodd.

173 3072 259 3147 Prop.
288 3072 367 3131 Get
390 3074 426 3130 N
442 3074 614 3132 auctoritate
640 3076 735 3150 1869)
760 3093 851 3132 uuum
866 3074 1093 3149 Neapolitanum
1114 3091 1239 3148 sequen-

173 3179 244 3236 dum
267 3197 334 3237 esse
353 3181 465 3238 statuit.
496 3180 571 3238 Tum
591 3200 695 3240 rursus
714 3189 814 3240 eontra
828 3180 1049 3255 Luetjohannus
1063 3181 1239 3253 (Comment.

173 3287 258 3362 Prop.
284 3287 359 3346 Kiel.
387 3290 481 3364 1869)
505 3295 536 3347 61
558 3289 811 3363 Heydenreiohius
834 3289 963 3365 (Quaest.
981 3290 1069 3364 Prop.
1090 3290 1185 3364 1875)
1215 3290 1240 3347 G

173 3393 376 3453 auctoritatem
404 3396 440 3452 N
462 3397 695 3471 posthabendam
724 3414 778 3454 neo
810 3403 909 3454 tamen
943 3395 1028 3471 plane
1058 3395 1238 3453 abiciendam

174 3517 240 3557 esse
264 3500 434 3574 voluerunt,
468 3521 535 3560 oum
564 3503 635 3560 satis
665 3503 773 3560 1661166
801 3502 940 3560 lectiones
969 3502 997 3558 in
1026 3502 1061 3558 N
1082 3507 1240 3573 exstarent,

174 3625 248 3683 quae
272 3608 505 3684 interpolationis
529 3610 656 3685 speeiem
680 3611 862 3686 praeberent.
910 3607 1038 3681 Quorum
1066 3608 1241 3666 sententiam

177 3714 323 3772 lnroianus
347 3715 507 3775 Muellerus
531 3718 631 3792 (prael.
655 3737 683 3793 p.
711 3717 761 3792 VI)
790 3718 851 3775 1616
876 3723 996 3775 6666166
1023 3722 1075 3774 est.
1109 3716 1240 3790 Denique

174 3821 368 3882 Baehrensius
383 3824 412 3883 in
430 3824 610 3899 praelatione
630 3825 767 3884 editionis
788 3844 813 3884 a.
833 3824 916 3883 1886
940 3824 1015 3882 hano
1035 3825 1240 3881 auctoritatem

173 3930 268 3990 oodiei
296 3930 333 3990 N
356 3933 483 4009 abnegat
513 3950 641 4010 eumque
663 3933 767 3992 eodem
792 3933 877 3992 modo
906 3949 965 4010 666
990 3930 1120 4007 reliquos
1153 3929 1240 3988 intor-

1141 4056 1149 4103 l
