2850 4686
601 308 848 412 -11-‘

176 552 358 606 correcturas
381 546 459 606 feeit.
506 547 580 605 Nam
606 547 652 606 vel
677 548 763 606 verba
786 547 834 606 vel
852 547 967 606 litterae
986 567 1003 606 a
1023 550 1092 606 ml
1117 546 1245 606 omissae

178 655 357 731 supplentur
388 655 631 730 suprascribendo
659 656 719 713 lere
749 656 804 713 hoc
832 656 917 713 modo
945 673 1060 730 operare
1082 657 1093 746 ξ
1119 655 1156 712 Il.
1178 629 1244 727 9‚8,

177 798 231 856 sed
255 816 372 873 semper
395 799 449 855 hoc
472 797 590 855 hamulo
615 831 625 857 A
647 797 695 855 hic
719 798 843 873 scriptor
859 799 960 871 utitur,
984 798 1009 856 si
1031 797 1143 874 aliquid
1158 799 1243 856 omis-

177 923 243 963 sum
277 923 342 963 esse
374 905 541 980 significare
571 905 644 962 vult.
698 905 810 962 Deinde
844 905 873 961 in
902 905 1032 979 margine
1063 909 1246 962 correcturae

176 1019 264 1088 atque
293 1014 389 1070 variae
418 1012 560 1070 lectiones
588 1012 737 1070 adduntur
765 1019 799 1070 ut
827 1012 849 1070 I.
875 1013 964 1084 3‚23,
994 1013 1060 1084 5‚9‚
1092 1013 1190 1084 14,22
1217 1017 1247 1069 et

178 1119 280 1177 multis
303 1120 369 1178 aliis
394 1120 475 1179 locis.
518 1119 686 1178 Carminum
712 1139 830 1195 quoqne
854 1119 1058 1194 inscriptiones
1079 1124 1109 1177 et
1130 1119 1245 1176 numeri

176 1233 207 1285 et
231 1226 369 1285 librorum
394 1233 424 1286 et
448 1229 610 1286 carminum
644 1228 681 1285 ad
711 1229 784 1286 lranc
813 1247 930 1285 manum
962 1227 1097 1299 redeunt,
1129 1233 1161 1285 ut
1189 1227 1245 1284 iam

179 1335 268 1393 snpra
292 1317 402 1375 dictum
427 1322 480 1375 est.
1214 1324 1217 1331 ’

269 1458 387 1518 Praeter
418 1460 471 1517 has
504 1460 578 1517 duas
609 1465 803 1518 correctorum
835 1478 938 1517 manus
968 1460 1054 1517 tertia
1084 1477 1187 1516 manus
1217 1458 1246 1515 in

179 1565 363 1640 corrigendis
385 1567 532 1625 erroribus
557 1573 670 1625 versata
699 1572 752 1633 est,
784 1585 848 1624 nam
880 1567 981 1625 multis
1009 1566 1081 1624 locis
1109 1571 1139 1624 et
1167 1565 1245 1624 litte-

177 1691 276 1759 rarum
312 1675 405 1732 torma
437 1680 467 1732 et
499 1680 697 1733 atramentum
730 1693 786 1732 non
819 1675 966 1733 consentit
998 1693 1063 1732 cum
1098 1674 1244 1750 prioribus

178 1779 320 1838 manibus.
368 1780 401 1837 ln
425 1787 566 1839 contextu
589 1787 689 1839 autem
718 1783 782 1857 ipso
811 1802 848 1839 m.
879 1785 896 1840 3
926 1782 1055 1840 correxit
1083 1781 1137 1838 hos
1163 1781 1244 1838 locos

177 1886 200 1944 Ι.
228 1887 314 1958 9,34.
346 1887 384 1944 Il.
411 1889 498 1960 aar.
537 1888 589 1946 Ill.
614 1891 680 1960 2,8.
707 1890 787 1962 248.
812 1891 879 1962 4‚7.
906 1891 993 1961 6‚63.
1019 1890 1106 1961 22,1.
1134 1890 1248 1960 25,13.

177 1993 230 2051 IV.
256 1995 344 2066 5‚52.
390 1995 485 2053 Etiam
516 1996 671 2054 nonnullae
699 1996 902 2054 adnotationes
925 2002 955 2054 et
984 1996 1080 2054 variae
1109 1995 1248 2054 lectiones

177 2084 210 2158 in
234 2101 365 2175 margine
381 2103 418 2160 ad
443 2103 519 2161 hano
536 2122 653 2161 manum
669 2105 838 2162 referendae
855 2111 924 2163 sunt
947 2105 984 2162 H.
1003 2106 1053 2178 20,
1065 2106 1114 2161 12.
1139 2105 1249 2176 34,65.

180 2209 232 2280 34,
243 2209 292 2266 82.
325 2209 379 2267 ΙΙΙ.
403 2211 512 2277 1038.
540 2211 648 2284 rael.
683 2210 733 2268 lV.
757 2212 845 2284 aaa
872 2214 959 2282 7,85.
985 2213 1071 2283 8,84.
1095 2211 1250 2269 Praeterea

178 2321 317 2373 accentus
350 2335 438 2392 supra
470 2319 482 2374 l
515 2324 545 2375 et
576 2337 598 2374 a
625 2318 741 2376 vocales
773 2338 789 2376 a
823 2337 911 2376 manu
944 2319 1030 2376 tertia
1062 2319 1154 2393 positi
1184 2335 1249 2376 esse

179 2423 324 2481 videntur.
381 2424 500 2483 Certum
533 2426 652 2501 quidem
687 2431 732 2484 est
766 2432 905 2484 accentus
940 2443 1005 2484 ease
1039 2425 1171 2483 adiectos
1203 2425 1246 2482 in-

179 2530 389 2605 scriptionibus
417 2531 577 2590 carminum
607 2533 666 2590 iam
697 2534 809 2610 positis,
840 2551 906 2590 nam
935 2551 1010 2590 trnrrs
1039 2538 1139 2591 exstat
1166 2531 1249 2590 locus

178 2636 232 2694 ΙΙΙ.
258 2638 277 2693 4
302 2637 350 2694 ubi
375 2639 405 2694 in
428 2638 617 2714 inscriptione
640 2639 717 2697 ictus
741 2657 829 2715 supra
848 2641 934 2697 inon
957 2641 1045 2697 rubro
1070 2640 1122 2697 sed
1146 2639 1248 2697 eodem

179 2744 263 2801 lusco
288 2745 392 2818 colore,
424 2764 481 2821 quo
505 2747 630 2822 scriptor
654 2747 758 2805 tertiae
783 2765 885 2805 manus
911 2747 1012 2820 utitur,
1047 2747 1167 2804 additus
1194 2751 1248 2804 est.

181 2848 245 2921 Qua
273 2869 305 2908 re
333 2850 526 2922 demonstrari
554 2853 678 2911 arbitror
706 2860 846 2912 accentus
875 2873 977 2921 nona
1006 2873 1091 2912 manu
1121 2854 1250 2912 secunda

183 2957 236 3014 sed
260 2977 379 3016 amanu
403 2961 566 3035 posteriore
590 2961 682 3018 factos
698 2979 770 3019 esse.
803 2962 917 3019 Deinde
938 2962 975 3019 ad
1000 2962 1114 3019 tertiam
1131 2979 1249 3018 manum

181 3064 331 3140 pertinent
343 3065 435 3124 illitae
452 3066 521 3125 illae
538 3067 663 3126 lineolae
683 3075 712 3126 et
733 3088 873 3126 manuum
887 3069 1026 3142 imagines
1046 3069 1186 3144 graphice
1199 3068 1248 3126 tle-

178 3171 287 3246 pictae‚
296 3191 370 3247 quae
380 3173 409 3230 in
418 3174 549 3248 margine
560 3175 725 3250 frequenter
732 3175 923 3233 inveniuntur
930 3181 960 3232 et
970 3176 1110 3232 mundam
1119 3175 1249 3250 speciem

176 3278 288 3336 codicis
310 3298 402 3355 paene
422 3280 590 3356 depravant.
639 3282 744 3339 Manus
763 3287 859 3340 autem
884 3282 953 3340 illae
976 3282 1071 3357 pictae
1091 3282 1120 3339 in
1145 3299 1249 3339 versus

176 3391 341 3443 memoratu
366 3387 469 3461 dignos
493 3388 619 3462 digitum
643 3389 782 3463 tendunt;
812 3394 911 3446 contra
934 3406 1037 3446 cruces
1063 3388 1093 3445 in
1118 3387 1249 3462 margine

175 3492 328 3566 adpositae
358 3493 455 3552 locum
486 3499 655 3570 corruptum
687 3513 751 3553 esse
784 3495 963 3570 significant,
1002 3495 1080 3570 ‹prrod
1113 3500 1249 3570 quattuor
1320 3548 1324 3557 .

177 3597 251 3656 locis
279 3599 389 3657 lactum
421 3606 466 3658 est
496 3600 520 3657 Ι.
552 3602 642 3674 8,22.
692 3602 729 3659 ΙΙ.
761 3603 872 3674 22,32‚
899 3604 1009 3675 28,25.
1055 3602 1107 3659 ΙΙΙ.
1138 3602 1247 3672 27,37.

268 3759 380 3819 Deinde
403 3761 554 3819 nonnullis
577 3762 651 3820 locis
675 3781 778 3821 versus
794 3769 822 3822 et
846 3764 1050 3839 inscriptiones
1074 3763 1148 3821 falso
1171 3761 1249 3838 posi-

175 3872 224 3923 tae
248 3866 383 3925 delentur
406 3869 455 3938 ita,
479 3874 512 3927 ut
535 3869 723 3928 includantur
747 3889 817 3929 voce
840 3876 971 3928 car-cot
995 3870 1139 3946 bipertita.
1169 3866 1248 3947 Quae

175 3991 282 4033 manus
298 3973 354 4034 hoc
377 3976 485 4052 feeerit,
509 3977 654 4038 incertum
671 3985 723 4050 est,
747 3997 813 4039 narn
838 3979 1002 4038 litterarum
1021 3978 1130 4039 ductus
1150 3975 1248 4041 tenuis
