2850 4686
696 393 917 464 ..10-

271 599 400 660 correxit
423 600 459 674 is,
483 599 532 678 qui
557 600 693 660 hamulos
716 619 804 678 supra
826 620 845 660 u
865 601 997 660 vocalem
1013 601 1122 679 posuit.
1168 602 1211 662 lla
1225 621 1347 679 quoque

271 725 319 767 res
351 708 457 785 Peperi
496 708 656 768 sententiae
694 713 852 785 repugnat,
886 709 964 785 quod
1000 709 1015 768 Ι
1050 710 1080 782 3,
1091 711 1131 770 25
1169 728 1187 768 a
1225 710 1347 770 librario

271 814 406 874 usitatior
434 815 524 874 torma
552 814 693 889 1019101101
720 833 773 891 pro
801 815 940 890 larqiber,
972 815 1003 874 id
1031 816 1109 893 quod
1137 816 1225 876 metri
1254 835 1348 876 causa

272 921 445 999 postulatur,
468 922 498 980 in
523 927 690 983 contextum
714 927 834 998 recepta
856 927 910 981 est.

361 1027 495 1106 Denique
523 1029 656 1106 Peperus
684 1047 771 1088 suum
798 1029 836 1088 de
859 1030 887 1086 L
914 1029 1015 1088 codice
1042 1029 1183 1090 iudicium
1209 1030 1242 1089 in
1271 1033 1348 1092 haec

273 1135 333 1195 iore
361 1135 449 1194 verba
477 1135 613 1195 definivit
640 1137 667 1194 L
697 1136 783 1194 classi
812 1155 832 1194 x
860 1135 1047 1195 inserendum
1074 1142 1164 1214 atque
1191 1137 1229 1196 N
1250 1139 1349 1198 codici

273 1243 447 1302 auctoritate
463 1243 511 1302 vel
526 1261 627 1320 parem
644 1244 690 1302 vel
705 1247 901 1320 praestantem
921 1261 996 1302 esse.
1042 1242 1126 1318 Quod
1146 1245 1349 1306 confidentius

274 1349 377 1427 Peperi
405 1349 547 1408 iudicium
576 1369 632 1409 non
660 1350 779 1409 nisiex
801 1355 885 1426 parte
910 1368 1028 1427 sequor,
1058 1369 1096 1410 ex
1119 1357 1203 1428 parte
1226 1371 1258 1412 re
1282 1353 1349 1431 ipsa

274 1461 393 1516 coactus
416 1456 565 1515 dissentio.
611 1456 724 1516 Censeo
748 1457 824 1516 enim
842 1457 1013 1516 Lusaticum
1034 1458 1123 1517 simul
1139 1477 1178 1518 ex
1194 1479 1215 1518 x
1229 1464 1348 1520 textum

274 1563 421 1639 recepisse
453 1563 539 1622 simul
572 1582 609 1622 ex
639 1582 659 1638 y
692 1564 784 1622 musta
819 1564 848 1622 in
881 1583 949 1622 eum
988 1565 1069 1624 illata
1105 1584 1180 1625 esse.
1238 1567 1349 1644 Itaque

274 1671 376 1748 plures
392 1670 510 1748 quidem
528 1670 667 1729 lectiones
682 1689 767 1730 veras
780 1672 810 1729 in
824 1672 852 1729 L
866 1690 955 1748 quam
971 1671 1000 1729 in
1014 1672 1051 1730 N
1060 1678 1177 1732 exstare
1193 1674 1348 1734 fatendum

274 1783 320 1838 est
343 1796 425 1851 sane3
449 1782 547 1836 tamen
571 1777 662 1836 maior
683 1783 729 1838 est
752 1779 827 1838 fides
841 1778 1036 1855 Neapolitani,
1060 1780 1129 1857 quia
1144 1781 1193 1840 1110
1209 1786 1311 1842 sectae
1327 1802 1349 1842 x

275 1890 408 1944 naturam
425 1884 518 1960 magis
534 1885 675 1961 integram
692 1891 722 1945 et
737 1904 842 1962 puram
859 1886 995 1945 servavit.
1042 1886 1179 1946 Ceterum
1190 1890 1350 1966 exemplar

276 1997 373 2052 sectae
396 2011 431 2064 x,
459 2010 497 2050 ex
525 2011 582 2069 quo
605 1993 633 2050 L
656 1993 768 2064 hausit,
800 1997 880 2051 certe
904 1995 1065 2069 perbonum
1090 1993 1213 2054 fortasse
1237 1996 1348 2055 melius

275 2118 325 2172 ec,
355 2118 413 2176 quo
437 2100 472 2158 N
490 2118 562 2159 usus
583 2103 637 2174 est,
661 2101 725 2175 luit,
749 2101 824 2159 illud
852 2119 968 2177 quoque
995 2119 1016 2176 y
1043 2100 1173 2176 generis,
1210 2103 1291 2178 quod
1319 2105 1348 2162 L

277 2207 461 2283 propositum
481 2207 592 2280 habirit,
610 2225 654 2280 eo,
673 2208 752 2284 quod
768 2207 833 2265 DV
844 2208 936 2267 secuti
949 2213 1028 2281 sunt,
1041 2207 1246 2266 auctoritatem
1262 2209 1347 2268 haud

275 2314 442 2374 inferiorem
466 2315 575 2374 habuit.
608 2314 700 2388 Quam
723 2315 846 2374 adrem
870 2316 925 2374 hoc
945 2334 1061 2393 quoque
1084 2315 1220 2392 pertinet.
1256 2317 1295 2376 Iu
1319 2320 1348 2377 L

275 2422 353 2481 enim
377 2422 465 2480 simili
498 2423 584 2481 modo
607 2428 697 2498 atquc
720 2422 749 2479 in
780 2422 862 2480 Vna
880 2423 909 2480 in
932 2423 1028 2499 capite
1049 2423 1116 2482 libri
1140 2422 1228 2499 primi
1251 2425 1347 2503 scrip

273 2534 337 2588 tum
368 2528 515 2588 videmus:
558 2528 709 2604 Prepercii
744 2529 860 2586 Aurelii
897 2535 985 2587 eante
1021 2529 1201 2588 Menebiiles
1234 2529 1347 2608 Incipit

274 2636 403 2711 feliciter,
423 2655 488 2695 oum
505 2636 541 2694 N
551 2636 739 2712 inscriptione
760 2641 864 2695 careat.
895 2636 998 2713 Itaque
1012 2638 1040 2695 L
1059 2636 1144 2696 valde
1160 2636 1257 2696 firmat
1278 2656 1347 2698 sen-

274 2743 405 2816 tentiam,
421 2761 496 2820 quae
512 2743 578 2818 luit,
595 2743 670 2802 illud
684 2743 874 2816 Monobiblm,
890 2744 969 2820 quod
985 2749 1082 2803 exstat
1097 2745 1127 2803 in
1142 2744 1345 2821 inscriptione,

274 2868 450 2926 quamquam
484 2850 519 2908 N
547 2869 582 2909 ea
615 2855 706 2924 caret,
746 2850 898 2927 antiquum
930 2856 1017 2927 atque
1045 2850 1207 2926 genuinum
1235 2870 1304 2913 esse
1314 2853 1346 2930 ¹).

274 2955 420 3016 Extiterat
443 2956 558 3015 scilicet
582 2957 613 3014 in
635 2976 664 3031 y.

364 3063 483 3123 Certum
502 3063 594 3138 igitur
612 3068 659 3123 est
674 3098 715 3106 —
732 3082 821 3141 quam
837 3064 1013 3124 sententiam
1028 3065 1161 3142 Properti
1180 3064 1347 3128 editoribus

273 3169 466 3246 reputandam
494 3170 759 3229 commendaverim
783 3205 824 3214 —
848 3170 942 3243 illum,
967 3170 1017 3248 qui
1041 3176 1143 3232 textus
1167 3172 1346 3233 restituendi

273 3277 495 3336 fundamentum
518 3276 549 3335 in
572 3277 608 3336 N
625 3283 655 3336 et
678 3277 706 3336 L
728 3277 879 3337 codicibus
897 3278 990 3354 ponit,
1015 3279 1074 3338 lere
1091 3297 1207 3356 semper
1222 3280 1345 3355 habere,

273 3383 351 3460 quod
375 3383 513 3456 sufficiat,
545 3402 638 3461 neque
660 3384 719 3443 nisi
747 3384 896 3443 nonnullis
918 3384 1000 3458 lociS,
1026 3385 1077 3445 ubi
1098 3387 1127 3444 L
1144 3391 1174 3446 et
1189 3387 1226 3445 N
1234 3396 1345 3462 errant,

272 3488 309 3547 ad
337 3489 402 3547 DV
424 3489 559 3549 codicum
588 3491 731 3550 lectiones
758 3491 914 3550 decurrere
942 3492 1057 3552 debere.
1111 3491 1193 3566 Quod
1221 3494 1345 3570 quidem

272 3598 333 3656 lere
363 3615 421 3656 non
449 3598 558 3657 accidit
586 3599 642 3657 nisi
678 3598 738 3657 illis
773 3598 859 3672 locis,
893 3599 943 3657 ubi
973 3599 1010 3658 N
1031 3600 1118 3677 plane
1146 3600 1257 3661 deficit.
1307 3604 1345 3662 Hi

272 3708 372 3762 autem
396 3709 464 3763 sunt
486 3705 553 3764 loci.

700 3828 913 3836 ——-—

363 3948 383 4015 ¹)
404 3950 441 4003 cf.
460 3948 532 4018 Birt,
552 3948 682 4004 Antikes
695 3949 883 4005 Buchwesen
896 3969 924 4022 p.
938 3955 990 4004 414
1003 3968 1075 4023 sqq.‚
1095 3957 1125 4007 et
1137 3952 1215 4007 Berl.
1236 3953 1344 4012 Philol.

272 4036 513 4092 Wochenschrift
535 4041 602 4090 1898
622 4055 650 4111 p.
671 4041 748 4093 1291.
