2850 4686
528 317 751 376 ..69-

104 510 274 587 caudaeque
302 511 343 569 rei
374 529 462 569 causa
490 511 573 569 addit
600 510 751 570 librarium
775 513 811 587 Lv
826 513 933 572 codicis
962 513 1093 573 habitum
1124 532 1174 573 ex·
1213 583 1216 593 β

104 623 220 676 ternum
243 618 393 676 codicibus
416 618 496 676 illius
521 619 660 695 temporis
683 621 905 678 accommodare
930 620 1065 680 voluisse.

193 779 307 852 Restat,
345 783 378 837 ut
410 778 607 837 deliberemus
642 779 679 837 de
714 779 744 837 Π
778 781 894 853 22,50,
934 798 1019 857 quem
1053 799 1170 840 versum

103 887 235 962 Peperus
251 885 328 962 (pag.
348 885 399 962 13)
415 890 623 960 argumentum
639 886 799 944 maximum
813 888 908 961 affert,
928 907 985 964 quo
1002 888 1174 947 [uisaticum

104 1013 142 1053 ex
169 1012 226 1052 uuo
255 994 350 1052 solum
378 994 459 1052 fonte
488 997 584 1050 ortum
613 1010 678 1051 esse
709 993 826 1052 efficiat.
882 994 1175 1070 Inquiramus'hunc

103 1092 133 1158 in
157 1118 282 1160 versum.
328 1101 365 1158 N
381 1099 476 1159 codex
496 1105 591 1158 totum
608 1117 725 1158 versum
742 1100 840 1158 omisit
855 1101 1042 1176 traditurque
1058 1101 1175 1160 diverso

104 1207 190 1266 modo
206 1227 223 1265 a
238 1207 360 1283 reliquis
375 1206 533 1280 codicibus,
558 1225 626 1264 nam
649 1207 741 1274 Ortona
758 1225 831 1282 qaue
846 1207 919 1265 scire
935 1208 1024 1277 timet,
1042 1227 1175 1284 quaerero

103 1314 167 1389 fato
194 1313 270 1371 tabet
306 1318 336 1371 ct
365 1314 393 1370 V
409 1333 441 1370 m
466 1315 487 1371 2
509 1318 539 1371 et
562 1314 593 1371 F
610 1333 642 1390 oa
666 1316 680 1371 1
704 1313 852 1388 exhibent,
885 1315 950 1371 DV
968 1314 1047 1384 eroc
1063 1320 1175 1391 quoquc

103 1421 176 1479 scira
200 1421 289 1493 timet,
318 1439 452 1496 parcerem
469 1420 561 1495 pluro
583 1421 669 1492 iubat,
694 1439 731 1479 ex
755 1421 864 1496 quibus
888 1421 977 1479 variis
1000 1421 1175 1479 lectionibus

103 1527 280 1600 Solbiskyus
302 1527 332 1584 in
357 1527 565 1585 dissertatione
590 1530 628 1603 (p.
650 1528 724 1603 180)
749 1546 867 1586 versum
896 1528 1037 1586 restituit:
1083 1529 1175 1596 Queat

103 1635 260 1710 quassatae
272 1635 360 1708 timet,
371 1652 505 1709 quaterem
514 1634 606 1709 pluro
619 1634 703 1692 tabat.
728 1634 840 1692 Eodem
850 1640 950 1693 autem
960 1635 1045 1695 modo
1056 1652 1174 1692 versum

102 1742 134 1800 in
145 1742 173 1798 L
185 1741 284 1800 codice
296 1741 461 1799 exhibitum
472 1741 612 1813 videmus,
626 1759 693 1798 nam
706 1741 781 1798 illud
793 1759 870 1814 maara,
888 1742 965 1817 quod
978 1759 1066 1816 supra
1081 1741 1172 1808 &loru

101 1868 120 1906 a
134 1848 295 1906 recentiore
311 1847 556 1922 manuscriptum
572 1852 624 1920 est,
647 1847 805 1922 neglegere
821 1865 988 1922 possumus.
1021 1846 1173 1919 Quomodo

101 1973 206 2014 versus
238 1955 267 2013 in
300 1960 471 2013 contextum
502 1955 527 2011 L
559 1954 668 2012 codicis
701 1954 881 2030 pervenerit,
914 1955 1024 2030 duplici
1061 1954 1172 2012 ratione

101 2062 244 2138 explicari
273 2067 377 2138 potest.
424 2061 497 2119 Nam
522 2061 609 2136 plane
633 2061 838 2135 abnegandum
863 2079 921 2119 non
945 2066 991 2118 est
1014 2062 1040 2118 L
1064 2061 1173 2120 codicis

100 2170 254 2229 librarium
278 2188 395 2228 versum
419 2170 473 2227 hoc
494 2169 580 2226 modo
595 2169 739 2245 scriptum
755 2169 784 2226 in
808 2169 888 2228 fonte
912 2187 965 2227 suo
988 2188 1009 2226 x
1027 2168 1173 2226 invenisse

100 2283 134 2337 et
160 2277 366 2352 descripsisse,
394 2281 424 2334 at
452 2280 553 2334 contra
582 2275 607 2333 si
638 2294 741 2334 verum
769 2281 816 2333 est
839 2276 865 2332 L
889 2276 998 2333 codicis
1022 2275 1173 2333 librarium

100 2386 209 2444 librum
234 2403 320 2443 suum
344 2402 381 2442 ex
405 2384 519 2442 duobus
544 2383 761 2458 exemplaribus
780 2383 963 2459 compilasse,
989 2383 1052 2440 lieri
1069 2382 1173 2458 potuit,

100 2496 137 2550 ut
159 2490 295 2549 librarius
319 2490 421 2548 eodem
447 2489 539 2564 modo,
564 2508 622 2565 quo
646 2495 747 2564 postea
770 2489 952 2564 Solbiskyus,
976 2509 1013 2547 ex
1038 2489 1173 2549 codicum

98 2599 242 2657 varietate
283 2597 453 2656 coniciendo
500 2603 694 2672 componeret.
759 2597 923 2655 librarium
980 2597 1057 2655 enim
1101 2598 1173 2655 tanti

99 2706 204 2765 iudicii
228 2706 328 2778 fuisse,
354 2711 387 2763 ut
409 2724 446 2763 ex
469 2705 581 2780 duplici
605 2705 728 2763 lectione
752 2723 854 2762 verum
874 2723 1047 2780 recuperare
1066 2709 1175 2780 posset,

99 2832 157 2889 ego
185 2832 244 2872 non
272 2831 394 2889 prorsus
423 2813 604 2888 negaverim3
634 2813 765 2888 Peperus
793 2818 881 2887 negat
908 2813 946 2889 (p.
975 2815 1033 2887 io).
1080 2814 1175 2887 Argu-

99 2927 202 2980 menta
233 2920 335 2996 Peperi
365 2926 435 2978 sunt
463 2921 543 2978 liaeo.
591 2919 739 2978 Librarius
768 2938 987 2996 nonnumquam
1012 2919 1121 2977 erravit
1144 2919 1174 2976 in

99 3026 278 3086 reducendis
301 3027 505 3101 pentametris
530 3027 609 3102 quod
634 3026 764 3102 Peperus
787 3027 824 3084 ad
848 3026 1039 3101 ignorantiam
1064 3025 1174 3083 librarii

98 3135 199 3195 relert
257 3133 371 3191 Deinde
399 3151 437 3191 ex
466 3133 615 3190 nonnullis
644 3133 804 3205 erroribus,
832 3150 907 3208 quos
935 3132 1007 3190 tanti
1037 3132 1174 3190 momenti

98 3259 169 3300 esse
197 3259 286 3316 nego,
322 3241 472 3299 concludit
499 3239 650 3298 librarium
679 3240 798 3314 linguae
826 3240 935 3298 latinae
963 3258 1087 3313 gnarum
1116 3258 1175 3297 non

97 3348 200 3407 fuisse.
248 3347 323 3406 Sunt
345 3352 444 3405 autem
469 3348 550 3405 haec.
594 3346 823 3422 Nonnumquam
847 3346 897 3419 fit,
927 3352 959 3404 ut
983 3346 1009 3403 L
1033 3346 1052 3403 d
1074 3364 1126 3421 pro
1151 3346 1176 3403 cl

97 3459 132 3515 et
160 3475 182 3512 a
214 3473 267 3530 pro
299 3455 328 3511 ri
356 3455 496 3512 exhibeat
529 3460 563 3512 ut
595 3454 611 3511 Ι
646 3455 704 3526 7,9
738 3458 889 3511 contemtos
920 3473 974 3529 pro
1006 3453 1173 3525 conteritur,

97 3563 114 3621 l
148 3564 228 3634 15,3
256 3562 360 3636 parido
392 3580 445 3636 pro
473 3562 597 3636 periclo,
631 3561 645 3618 I
675 3561 776 3633 15,27
804 3561 905 3635 parido
935 3560 998 3634 (sed
1028 3561 1083 3618 hoc
1110 3559 1174 3617 loco

95 3669 236 3728 librarius
260 3668 333 3744 ipse,
363 3673 519 3744 postquam
544 3686 671 3725 errorem
695 3667 856 3738 intellexit,
880 3667 1048 3725 emendavit
1072 3665 1175 3724 litteris

1101 3778 1120 3805 r1

94 3830 126 3890 cl
153 3828 386 3905 suprascriptis),
416 3828 429 3885 Ι
457 3828 557 3898 16,12
588 3827 649 3884 sadi
676 3845 729 3903 pro
760 3826 841 3898 secli,
870 3826 885 3883 l
909 3827 1012 3897 20,19
1033 3825 1174 3900 [metentis

96 3937 182 4015 (ria
205 3955 235 3994 m
260 3938 277 3993 2
304 3935 536 4011 suprascriptum
556 3933 623 4010 est),
648 3934 678 3991 Π
704 3935 784 3999 9,38
809 3932 910 4004 uerita,
935 3932 1013 4008 quod
1037 3931 1070 3988 in‘
1090 3937 1175 3988 corato
