2850 4686
487 349 705 407 ..63-

55 541 102 599 IV
120 543 200 615 2,34
218 543 348 615 Nouuor,
366 542 408 599 Ν
422 545 451 615 5,
461 543 503 598 44
521 561 609 614 urceo,
626 542 668 599 IV
685 544 763 615 &68
782 543 954 616 Lo'ddomus,
970 542 1012 601 IV
1029 545 1127 616 11,17

56 649 233 706 dissessum.

149 755 251 831 ltaque
281 756 361 831 optio
389 756 475 814 datur
506 757 629 814 duarum
663 757 884 815 sententiarum:
919 763 971 815 aut
997 758 1074 815 enim
1103 758 1129 814 L

55 881 96 920 ex
120 864 279 938 archetypo
303 863 366 938 ipso
391 859 422 921 Ω
444 865 590 938 provenit,
620 864 697 921 unde
723 864 825 922 merita
849 864 988 922 classium
1012 884 1032 921 x
1057 871 1087 923 et
1109 883 1130 938 y

56 969 88 1026 in
117 987 150 1026 eo
178 969 332 1027 coniuncta
364 987 429 1027 esse
457 969 634 1045 explicatur,
673 978 723 1027 aut
755 971 880 1028 mixtum
905 976 1019 1028 textum
1043 972 1129 1029 offert

55 1076 282 1152 composuitque
306 1095 372 1134 eum
390 1076 526 1135 librarius
542 1094 578 1134 ex
595 1077 719 1134 duorum
735 1077 947 1152 exemplarium
964 1078 1129 1151 collatione,

54 1201 180 1258 quorum
206 1183 323 1259 quidem
346 1183 471 1241 alterum
495 1184 533 1241 ad
561 1202 581 1240 x
610 1184 735 1242 alterum
763 1185 801 1241 ad
824 1203 844 1258 y
868 1185 1018 1260 pertinuit.
1064 1185 1128 1243 Jam

54 1309 129 1360 vero
154 1291 246 1366 priori
274 1291 435 1349 sententiae
464 1299 619 1367 repugnat,
650 1292 730 1366 quod
760 1291 787 1348 L
816 1309 881 1349 esse
910 1292 1029 1350 videtur
1056 1292 1130 1352 liber

55 1397 161 1473 quinto
194 1397 307 1456 decimo
339 1398 456 1455 demum
490 1398 606 1455 saeculo
634 1404 786 1471 exaratus,
821 1398 927 1456 deinde
960 1400 1039 1473 quod
1071 1418 1129 1457 non

55 1522 168 1580 paucos
191 1523 297 1580 pravus
316 1505 457 1563 lectiones
481 1512 511 1563 et
534 1504 615 1562 solus
640 1511 669 1562 et
685 1524 752 1563 eum
769 1505 962 1563 deterioribus
977 1506 1128 1565 codicibus

53 1629 229 1670 communes
252 1611 351 1686 habet,
376 1611 443 1669 vide
467 1613 523 1669 tab.
549 1611 587 1684 Il,
613 1611 702 1685 VlIb,
726 1612 832 1670 XIIIb.

149 1717 206 1777 Sed
236 1737 411 1794 quamquam
445 1718 519 1777 liber
548 1719 575 1775 L
607 1719 675 1776 talis
705 1737 762 1776 non
795 1728 853 1791 est,
889 1718 940 1794 qui
971 1719 1067 1794 ipsius
1099 1716 1131 1778 Ω

53 1825 216 1900 imaginem
245 1844 315 1900 prae
344 1843 375 1883 se
399 1826 487 1898 ierat,
519 1844 626 1901 uerpre,
655 1826 680 1883 si
705 1826 731 1882 L
754 1826 926 1898 adhibetur,
954 1832 1004 1884 aut
1027 1827 1062 1883 N
1080 1832 1131 1885 aut

53 1932 126 1990 libri
160 1951 180 2006 y
216 1933 423 2008 supervacanei
456 1933 548 1990 videri
581 1938 717 2008 possunt,
753 1938 851 1990 tamen
884 1935 1000 1990 omnino
1034 1933 1130 2008 magni

53 2039 211 2098 faciendus
233 2039 300 2114 erit,
327 2059 391 2097 nam
409 2040 473 2098 eius
487 2040 625 2097 librarius
639 2040 743 2098 classis
759 2059 780 2096 x
796 2041 958 2115 perbonum
975 2041 1128 2116 exemplar

53 2146 93 2205 ad
123 2165 239 2204 manum
264 2147 377 2220 habuit,
413 2150 573 2221 perbonum
604 2147 692 2204 etiam
717 2146 820 2204 classis
843 2165 872 2220 y.
920 2146 991 2204 lude
1016 2148 1127 2205 factum

53 2258 113 2326 est,
138 2261 170 2310 ut
193 2259 236 2311 tot
259 2253 330 2311 locis
350 2255 436 2311 modo
453 2273 519 2312 cum
537 2255 599 2324 hac,
625 2253 709 2310 modo
726 2272 793 2311 cum
808 2253 858 2310 illa
875 2259 971 2311 rectas
987 2253 1128 2312 lectiones

54 2360 204 2419 exhibeat.
250 2359 382 2418 Indidem
406 2360 494 2418 etiam
519 2360 644 2435 explico
668 2378 743 2436 quae
763 2359 855 2417 solius
872 2359 898 2415 L
917 2360 1033 2435 propria
1050 2367 1128 2419 sunt.

53 2467 164 2541 Itaque
198 2466 255 2523 iem
291 2466 498 2542 inquirendum
531 2472 588 2537 est,
624 2485 699 2542 quae
732 2467 759 2523 L
791 2466 930 2526 lectiones
963 2466 1128 2541 singulares

55 2575 211 2652 praebeat,
241 2592 315 2650 quae
343 2575 372 2631 in
403 2575 513 2632 codicis
544 2575 717 2632 arrctorimte
755 2575 959 2634 constituenda
991 2594 1124 2650 magnam

56 2681 121 2738 vim
145 2682 263 2753 habent,
287 2700 381 2757 neque
396 2699 506 2757 paucas
523 2682 666 2739 eiusmodi
683 2682 819 2740 ostendit.
848 2682 980 2740 Primum
996 2682 1032 2739 ed
1049 2683 1131 2740 tabu-

55 2788 118 2845 lam
142 2787 157 2844 Ι
184 2788 268 2845 mitto
294 2787 446 2858 lectorem,
475 2789 505 2844 in
529 2807 587 2864 qua
611 2789 742 2860 exhibui,
770 2789 878 2864 quibus
903 2789 1076 2847 lectionibus
1102 2789 1129 2845 L

55 2901 88 2953 et
121 2893 342 2970 Neapolitanum
374 2896 436 2953 cod.
465 2896 563 2954 vincat
590 2903 619 2953 et
647 2896 773 2972 reliquos
802 2897 929 2954 codices:
975 2897 989 2954 l
1023 2897 1126 2969 18,16

55 3000 174 3058 deiectis
203 3002 325 3068 (delectis
348 3002 415 3077 cet.)
455 3002 499 3059 ΙΙΙ
524 3005 581 3071 uo
617 3022 666 3058 ere
690 3006 762 3076 (uere
786 3004 821 3060 N
838 3004 880 3060 r're
904 3004 949 3082 φ),
982 3003 1024 3060 Ν
1051 3005 1128 3074 1,79

56 3107 102 3165 Di
131 3107 198 3179 (Im
220 3107 258 3179 N,
284 3108 338 3165 Do
361 3109 406 3186 (p),
441 3108 480 3165 Ν
509 3110 608 3181 1,1oo
643 3110 787 3166 {belocus
810 3128 864 3185 que
889 3110 1048 3183 (Umbreno
1072 3128 1130 3185 que

54 3215 98 3287 N,
130 3215 291 3292 Umbroque
308 3235 345 3273 ue
361 3218 405 3295 qu),
432 3216 474 3273 Ν
498 3202 596 3287 1,117
619 3217 723 3274 or'lrode
739 3218 766 3286 (o
783 3217 869 3274 rssoeoo
885 3218 960 3291 cet),
984 3217 1026 3275 Ν
1047 3219 1075 3287 2,
1086 3220 1126 3276 35

54 3323 124 3379 eius
159 3322 231 3395 (clus
258 3328 338 3397 cet),
374 3323 416 3380 IV
453 3325 531 3395 6,25
572 3342 676 3380 nereus
708 3324 820 3397 (neruis
852 3327 930 3397 cet),
971 3324 1012 3382 Ν
1048 3326 1127 3397 7,o3

54 3429 296 3505 Andromedeque
327 3431 593 3505 (Amlremedooque
617 3431 660 3501 N,
688 3431 929 3505 Andromedeque
953 3431 990 3502 F,
1016 3431 1129 3487 Andro-

53 3536 216 3611 rrrodoequr
240 3538 320 3609 DV).
369 3538 518 3595 Accedunt
541 3536 583 3594 illi
609 3556 724 3612 quoque
748 3537 815 3607 loci,
840 3538 889 3594 ubi
913 3557 928 3594 a
949 3538 980 3594 F
1000 3556 1029 3594 m
1056 3539 1076 3593 2
1099 3544 1129 3594 et

60 3644 91 3701 V
112 3662 142 3698 m
168 3645 189 3700 2
212 3644 296 3713 idom,
320 3645 396 3720 quod
421 3645 451 3701 in
474 3645 497 3701 L
521 3645 621 3702 codice
643 3645 783 3718 scriptum
800 3644 940 3716 videmus,
965 3644 1127 3715 exhibetur,

52 3769 128 3811 narn
153 3751 345 3825 singularium
371 3751 527 3809 lectionum
545 3752 606 3808 lore
622 3751 680 3808 vim
698 3751 811 3808 habent.
844 3749 917 3808 Sunt
931 3757 1029 3808 autem
1044 3751 1129 3807 haec:

51 3860 67 3918 I
106 3859 161 3928 3,‘r
196 3859 308 3933 spirare
334 3859 362 3916 N
386 3878 416 3915 m
448 3861 468 3915 2
501 3858 576 3915 Vm
604 3861 624 3916 2
647 3859 682 3916 N
703 3876 761 3932 mq.
785 3877 816 3915 m
841 3859 871 3928 2,
902 3857 917 3915 Ι
942 3858 999 3930 9,4
1024 3858 1131 3932 quouis

49 3967 85 4028 F
107 3983 140 4021 m
165 3966 195 4038 2,
220 3964 234 4023 Ι
260 3966 337 4039 11,l
365 3965 480 4042 Ecquid
504 3965 533 4024 F
555 3985 584 4023 m
610 3967 639 4034 2,
665 3965 678 4026 Ι
703 3967 784 4038 20,4
801 3965 917 4023 mirrue's
939 3965 1083 4040 qum
1100 3965 1129 4038 2,
