2850 4686
602 385 821 445 -30-

180 582 284 653 30,19
310 581 396 639 Hac
423 581 472 656 qui
498 581 524 638 L
547 599 576 638 aar
590 583 617 639 ,1
645 581 714 654 (iam
738 582 765 639 L
787 601 818 638 m
844 583 865 639 2
887 583 965 656 app).
993 581 1059 640 Ncn
1086 589 1190 642 tamen.
1210 585 1244 655 N,

309 687 395 745 Nunc
417 693 451 763 tu
474 687 563 745 DVN
580 707 612 744 m
637 689 658 744 2
681 687 718 761 Η,
742 686 828 746 Nunc
851 688 908 746 iam
939 689 965 745 V
983 707 1040 762 mp.
1064 708 1096 747 m
1123 691 1152 748 2.

179 805 261 876 33,4
308 803 420 862 inachis
431 804 459 860 L
471 803 535 860 Vm
549 805 577 873 2,
594 803 692 869 ¹inacis
707 805 742 861 Ν
759 804 832 878 (fere
853 804 928 862 idem
952 811 1005 876 est,
1031 805 1083 862 sed
1100 806 1129 862 L
1142 805 1210 862 Vm
1227 808 1246 863 2

309 911 463 969 meliorem.
483 911 625 986 exhibent
649 911 844 987 scripturam),
870 911 992 970 inachus
1023 912 1060 984 D,
1084 911 1189 970 inacus
1218 913 1246 985 V,

307 1025 441 1146 ynachris
464 1073 494 1129 Ν
510 1060 667 1148 (cupream.
692 1083 725 1129 m'
748 1074 779 1144 2)
800 1073 838 1130 Η.

180 1187 282 1262 34’,39
306 1189 484 1264 amphyarce
512 1190 553 1267 L,
584 1188 786 1286 amphiarerae
809 1190 847 1263 N,
878 1189 1064 1264 amphiareae
1087 1189 1158 1262 DV,
1189 1209 1247 1248 am·

285 1408 287 1412 »
308 1320 427 1442 pbiaergc
444 1354 483 1425 Ν

242 1477 282 1533 53
308 1474 429 1532 restabit
449 1492 588 1532 erumnas
603 1472 669 1549 Ll),
693 1474 817 1532 restabit
833 1475 870 1540 N,
895 1474 1048 1532 restauerit
1065 1474 1161 1531 undas
1180 1475 1247 1548 DV,

307 1582 429 1640 restabit
452 1584 581 1657 erripnas
604 1581 688 1639 ΝΗ.

625 1758 713 1817 Liber
736 1758 794 1816 III:

203 1925 230 1995 1,
243 1923 283 1980 29
309 1920 565 1997 pulylcdamautes
581 1919 617 1991 L,
642 1919 885 1995 poliledamantes
901 1918 938 1992 N,
962 1871 1023 1994 piili
1039 1910 1042 2001 i
1061 1895 1248 2016 icdaimantes

307 2046 337 2102 Ν
355 2045 391 2118 Η,
416 2044 475 2121 poli
498 2044 672 2118 ydamautes
695 2045 734 2112 D,
759 2044 1027 2120 puiiydamatas
1057 2043 1087 2102 V.

201 2155 260 2226 3,2
308 2152 513 2211 Bellatorentei
548 2151 586 2224 L,
620 2151 803 2209 ellcferoutci
835 2151 878 2217 N,
911 2149 1177 2230 Beilcvrcphontei
1215 2153 1247 2226 Ν,

307 2257 550 2331 ΒΘΙΙονοὶοῃΝῆ)θί
574 2257 641 2314 DV.

160 2390 161 2394 ¹
242 2369 278 2423 ll
300 2365 400 2433 ,lacres
423 2365 450 2421 L
474 2364 512 2437 Η,
535 2364 624 2422 iacies
648 2364 685 2436 N,
709 2364 785 2422 lares
809 2365 842 2435 Ν,
866 2364 978 2422 alacres
1001 2364 1068 2422 DV.

200 2475 258 2545 5,ss
305 2490 353 2530 era
377 2472 411 2543 L,
435 2489 502 2555 aere
526 2470 563 2542 N,
587 2470 628 2527 ire
652 2492 677 2549 φ
700 2470 737 2528 Η

306 2579 438 2636 corinthe
462 2578 498 2649 L,
523 2577 633 2635 curiute
658 2577 696 2651 N,
720 2578 874 2636 cherinthe
898 2599 931 2656 φ.

241 2689 281 2745 35
295 2686 438 2762 'palustra
468 2687 565 2743 boetcs
587 2684 623 2758 L,
652 2685 772 2742 flamma
796 2687 869 2743 boon
893 2685 932 2759 N,
961 2685 1093 2761 plaustra
1123 2686 1247 2745 boothcs

305 2792 377 2866 DV,
400 2791 519 2860 flamma
542 2792 605 2866 (per
633 2791 684 2850 ma
713 2792 764 2851 dcl.
788 2810 819 2848 m
845 2793 876 2866 2)
904 2793 1035 2868 palustra
1063 2794 1133 2867 (rap.
1162 2813 1195 2851 ui
1225 2796 1246 2851 2

307 2898 439 2972 bccthes)
462 2898 492 2954 Ν
510 2897 546 2954 H.

266 3006 414 3063 Incertum
437 3011 490 3075 est,
514 3004 585 3079 quid
610 3013 640 3062 et
663 3005 693 3062 in
717 3023 736 3061 x
765 3012 794 3064 et
818 3005 847 3062 in
870 3025 890 3079 y
915 3006 1060 3081 scriptum
1083 3007 1180 3064 fuerit.
1220 3009 1247 3065 L

176 3113 296 3190 quidem
328 3110 479 3169 meliorem
509 3110 629 3169 exhibet
657 3111 833 3186 scripturam
861 3131 947 3187 quam
979 3112 1022 3184 N,
1053 3111 1159 3170 deinde
1191 3114 1252 3171 ΝΗ

176 3219 310 3277 ccdicmn
334 3217 419 3276 lectio
443 3235 481 3274 cx
505 3217 531 3274 L
554 3224 583 3276 et
607 3218 642 3276 N
661 3218 815 3294 scripturis
839 3218 1035 3276 contaminata
1058 3227 1113 3276 est.

240 3327 281 3384 46
307 3324 387 3382 haud
410 3323 445 3395 L,
469 3324 542 3381 haut
565 3324 603 3396 N,
626 3332 677 3382 aut
701 3346 726 3404 (p
750 3325 786 3383 Η.

201 3436 259 3506 6,3
306 3431 384 3490 Num
407 3431 435 3488 L
458 3432 594 3506 (fortasse
617 3433 717 3507 reete),
743 3431 808 3490 Non
833 3433 870 3504 N,
895 3433 972 3491 Dum
997 3454 1021 3511 φ
1045 3432 1082 3491 Η

265 3540 369 3616 Itaque
392 3539 475 3596 Nam
499 3557 518 3596 x
543 3539 590 3612 (N
606 3540 733 3614 erravit),
757 3539 841 3597 Dum
863 3558 884 3613 y
907 3540 1092 3597 exhibebant.

201 3649 280 3720 7,22
305 3647 418 3722 argiuni
445 3647 469 3705 L
493 3647 530 3719 Η,
554 3647 662 3720 agyuni
688 3646 726 3719 N,
751 3647 865 3721 argiuui
890 3647 923 3720 Ν,
947 3647 1083 3722 argiuum
1109 3647 1177 3706 DV.

240 3756 281 3813 24
305 3755 477 3831 epbygeuea
490 3755 524 3824 L,
536 3754 692 3828 iphigenea
701 3754 738 3826 N,
752 3754 918 3830 hypigenea
931 3755 1002 3825 ΝΗ,
1016 3754 1166 3830 iphigenia
1177 3756 1247 3814 DV.

176 3915 389 3925 ...-.‚.—..—-—-

268 4002 287 4069 ¹)
307 4003 345 4057 ef.
364 4001 425 4056 tab.
444 3999 523 4054 XVI.
