2850 4686
596 414 815 472 ..62-

173 624 239 665 curn
264 628 289 685 tp
314 606 394 665 Ibam
420 606 524 664 tradat.
571 607 702 683 Denique
730 607 775 666 III
801 609 877 673 9,14
907 609 1001 666 minos
1028 609 1056 666 L
1080 608 1111 666 D
1133 628 1192 683 my.
1212 629 1238 684 p.

175 732 199 771 a,
224 712 242 771 l,
267 713 398 789 proxime
422 732 439 771 a
463 730 530 771 voro
554 719 600 771 est
622 714 640 789 ).

264 855 411 915 Hactenus
439 875 514 932 quam
542 857 676 931 congessi
713 857 738 914 si
767 857 907 930 consulis,
940 858 1037 932 possis
1061 859 1242 917 contendere

178 964 201 1021 t
228 981 266 1021 ex
297 962 359 1021 solo
391 982 410 1020 x
443 964 579 1039 pendere.
627 966 764 1022 Attamen
796 964 918 1023 totidem
949 966 1010 1023 tere
1040 965 1115 1024 locis
1145 966 1242 1023 codex

175 1087 259 1127 ruens
275 1088 341 1127 oum
356 1088 376 1142 y
392 1069 546 1128 concordat
566 1087 600 1127 ea
617 1070 737 1142 ratione,
755 1076 788 1128 ut
804 1070 984 1146 saepissime,
1008 1071 1058 1129 ubi
1075 1071 1112 1128 N
1121 1089 1245 1146 pravam

176 1177 347 1252 scripturam
380 1176 513 1249 exhibet,
546 1176 632 1235 huius
666 1177 835 1235 societatem
870 1177 994 1236 deserat.
1050 1176 1115 1250 Qua
1148 1177 1181 1235 in
1214 1196 1245 1236 re

176 1282 302 1359 primum
326 1282 422 1341 lecum
446 1283 475 1340 I'
498 1289 586 1356 tenet,
623 1289 655 1341 ut
678 1301 714 1341 ex
743 1283 860 1342 tabellis
884 1286 937 1342 sub
961 1284 1005 1342 IX
1027 1284 1132 1360 positis
1158 1285 1246 1342 facile

177 1389 370 1463 cognoscitur.
418 1389 443 1446 L
473 1394 502 1447 et
536 1389 564 1447 F
593 1407 770 1465 quamquam
803 1391 931 1449 maxime
960 1391 991 1448 in
1024 1392 1112 1449 rebus
1146 1392 1247 1449 ortho-

175 1495 322 1572 graphicis
352 1501 382 1554 et
413 1495 547 1553 facilibus
579 1497 726 1555 erroribus
754 1501 929 1572 congruunt,
960 1502 1057 1555 tamen
1088 1497 1245 1555 interdum

175 1608 274 1661 contra
304 1608 417 1661 ceteros
447 1602 564 1660 ecdicos
596 1603 721 1679 optimas
758 1603 899 1662 lectiones
929 1603 1082 1677 exhibent,
1118 1622 1248 1679 quarum

176 1709 332 1768 nonnullas
357 1709 404 1767 hic
428 1715 569 1785 repetam:
594 1709 607 1767 I
634 1711 733 1782 tate
755 1710 896 1783 desistere,
920 1710 949 1768 II
975 1711 1054 1783 3‚23
1080 1710 1176 1784 Nam,
1202 1711 1249 1768 III

178 1818 256 1890 6,39
286 1815 442 1889 ccrtsirnile',
468 1815 510 1873 IV
536 1816 613 1888 9,22
638 1815 704 1890 frte.
751 1816 863 1874 Deinde
887 1817 913 1874 L
937 1823 967 1874 et
990 1816 1020 1873 D
1043 1816 1147 1892 paucis
1172 1817 1248 1876 loeis

177 1924 231 1981 soli
256 1927 351 1981 rectas
375 1922 512 1981 lectiones
528 1923 667 1997 praebent
683 1929 728 1981 ut:
753 1922 782 1981 II
806 1924 865 1994 4,7
886 1923 1058 1998 neclampns,
1082 1922 1155 1980 item
1181 1924 1249 1996 LV,

177 2029 205 2087 ΙΙ
237 2030 336 2101 25,2l
369 2029 508 2087 assarium.
562 2028 620 2088 son
654 2030 747 2087 multo
779 2030 870 2088 maior
897 2036 944 2088 est
972 2048 1113 2088 numerus
1142 2049 1248 2088 eorum

177 2137 315 2206 locorum,
337 2135 386 2195 nbi
413 2137 436 2193 L
460 2155 528 2195 eum
551 2136 615 2194 nV
633 2137 784 2195 codicibus
808 2137 971 2195 coniunctis
995 2137 1153 2212 conspirat.
1188 2138 1248 2195 Ex-

177 2250 257 2303 stant
280 2244 358 2302 enim
381 2244 443 2302 fere
467 2243 489 2302 C
514 2243 660 2317 lectiones,
685 2244 761 2302 inter
784 2262 856 2320 <pras
877 2244 994 2302 XXXV
1018 2243 1199 2302 lectionibus
1216 2245 1254 2302 N

177 2359 208 2410 et
239 2352 269 2411 F
296 2351 429 2409 codicum
460 2351 667 2425 praeferendae
699 2357 774 2423 suut,
805 2370 872 2409 cum
903 2351 1034 2428 reliquae
1065 2351 1250 2428 plerumque

177 2459 341 2536 pertineant
374 2458 411 2515 ad
447 2476 507 2515 rem
540 2458 790 2532 orthographieam
829 2457 992 2533 facilesque
1027 2475 1158 2532 errores;
1210 2458 1248 2518 ef.

179 2568 235 2624 tab.
261 2565 343 2624 XIII.

170 2751 173 2757 ,
268 2689 409 2766 Denique,
432 2695 465 2747 ut
488 2691 543 2747 hoc
566 2707 682 2765 quoqne
706 2706 939 2761 commemorem,
964 2706 1031 2746 eum
1051 2686 1249 2746 Holkhamico

179 2796 279 2855 codice
302 2797 329 2853 L
354 2794 502 2853 nonnullis
531 2796 602 2853 loeis
631 2795 788 2854 coneordat
818 2801 906 2870 atque
934 2795 1081 2853 interdum
1110 2794 1140 2851 in
1168 2795 1194 2852 L
1219 2801 1251 2852 et

182 2904 216 2961 H
236 2901 307 2961 solis
332 2921 417 2961 verae
432 2902 570 2959 lectiones
595 2908 747 2961 serrantur
771 2909 804 2960 ut
828 2901 856 2960 II
872 2903 922 2972 28,
935 2905 975 2960 35
999 2901 1117 2959 rbcrnbt'
1139 2900 1251 2976 (rombi

177 3011 229 3086 H),
253 3009 300 3067 HI
324 3010 402 3080 22,1
429 3027 524 3066 aranos
548 3011 653 3082 (crenus
676 3027 713 3067 ex
736 3028 836 3066 onnus
862 3027 933 3067 corr.
957 3027 986 3066 m
1011 3013 1066 3068 vet.
1091 3008 1141 3080 ID.
1184 3007 1250 3080 Quo

178 3117 324 3193 pertinent
347 3116 434 3174 etiam
458 3114 488 3172 II
513 3116 562 3187 25,
575 3117 613 3174 18
635 3116 784 3172 vinenarrata
799 3116 843 3190 (in
859 3115 963 3172 rircritc
979 3115 1057 3187 cet),
1082 3113 1126 3171 III
1144 3115 1249 3187 11,23

174 3243 229 3300 per
251 3224 350 3281 ireseum
374 3223 535 3298 (pacrrnena'e
558 3224 637 3296 cet),
661 3223 708 3280 ubi
733 3224 763 3280 in
781 3224 805 3280 L
824 3229 853 3281 et
868 3223 902 3280 H
920 3223 990 3280 solis
1013 3222 1061 3280 rel
1084 3223 1251 3281 contractio

181 3331 229 3390 rel
253 3331 416 3406 diremptio,
441 3349 515 3406 [pirae
539 3330 734 3406 postulantur,
760 3332 852 3388 factae
878 3335 954 3388 sunt.
986 3327 1063 3401 Quin
1086 3328 1177 3387 etiam
1195 3330 1251 3387 hos

180 3456 295 3515 quoque
319 3438 435 3496 codices
449 3437 576 3513 aliquam
599 3437 688 3494 fontis
712 3439 946 3495 communionem
972 3436 1079 3495 habere
1096 3437 1252 3494 nonnullis

180 3545 342 3620 scripturis
366 3563 441 3620 quae
465 3545 494 3601 in
516 3545 586 3602 Let
606 3544 635 3601 H
655 3543 726 3601 solis
742 3548 867 3614 exstant,
890 3543 1120 3617 demonstratum
1145 3543 1252 3600 videas

181 3653 210 3711 II
236 3654 315 3724 28,9
337 3671 468 3726 praeque,
493 3651 522 3708 II
548 3652 647 3722 anat
673 3650 787 3707 munde
810 3655 909 3720 rector,
936 3649 965 3707 II
989 3650 1091 3721 31,13
1113 3625 1264 3724 parnasi,

182 3760 227 3817 III
256 3762 285 3831 3,
299 3761 335 3816 11
369 3759 469 3830 lamec,
501 3758 546 3815 III
578 3759 626 3828 12,
638 3759 680 3815 34
712 3757 833 3828 latrem,
864 3756 908 3814 III
940 3757 1037 3822 inse
1069 3755 1253 3827 bassarncnn,

272 4045 292 4114 1)
312 4046 348 4100 cf.
367 4044 429 4099 tab.
448 4042 488 4098 VI
508 4058 578 4114 pag.
598 4045 640 4096 31.
