2850 4686
598 403 792 464 ..8-

161 604 323 680 eodemque
358 602 444 661 modo
475 603 510 660 ai
540 603 575 660 ui
601 622 632 660 m
667 606 788 677 propter
822 601 1045 660 similitudinem
1081 602 1232 662 videlicet.
1287 606 1290 607 ⁷

162 711 318 786 Propterea
341 710 489 767 interdum
511 709 575 785 ipse
599 709 734 767 librarius
753 714 901 766 erraverat
925 713 958 766 nt
981 709 1004 766 l.
1027 711 1128 782 20‚35
1150 711 1233 769 utillo

161 835 213 894 pro
240 816 328 888 nula,
358 816 381 873 I.
408 818 486 888 16‚3
516 816 633 873 lanuino
656 834 707 891 pro
731 815 846 887 limana,
876 815 912 874 H.
940 817 1039 888 10,22
1068 836 1146 874 unos
1176 837 1233 892 pro

161 925 239 981 imos
262 929 368 981 exstat.
402 922 462 995 Qua
488 924 525 981 de
548 941 636 981 causa
659 942 674 980 a
700 923 862 981 recentiore
886 942 972 982 manu
996 929 1095 1001 postea
1119 926 1231 983 hamuli

163 1049 252 1106 supra
275 1049 296 1087 a
324 1036 354 1089 et
381 1031 458 1088 ictus
486 1049 576 1104 supra
604 1031 617 1088 i
643 1030 732 1105 positi
756 1035 833 1103 sunt,
864 1048 938 1106 quos
961 1037 1100 1089 accentus
1123 1031 1154 1089 in
1177 1033 1233 1090 illo

162 1138 245 1211 libro,
275 1156 361 1214 quem
389 1138 570 1213 propositum
594 1137 696 1195 habuit
719 1137 850 1195 Lusatici
879 1138 1024 1211 librarius,
1052 1157 1108 1197 non
1139 1140 1234 1199 luisse.

163 1251 193 1304 et
215 1251 316 1320 postea
341 1244 534 1302 distinotionis
557 1262 644 1302 causa
667 1244 783 1302 additos
807 1262 873 1302 esse
898 1245 1029 1321 Peperus
1052 1251 1131 1304 recte
1154 1247 1234 1304 indi-

51 1414 54 1421 ,
143 1370 244 1420 „casse
269 1351 339 1409 mihi
365 1351 488 1409 videtur.
528 1349 610 1422 Quod
634 1357 701 1409 ret
725 1357 735 1407 t
757 1351 875 1410 litterae
898 1358 1114 1410 commutantur
1138 1353 1233 1412 maxi-

163 1478 269 1535 meque
292 1477 306 1516 ο
329 1476 380 1533 pro
404 1463 414 1514 t
438 1457 564 1533 ponitur,
579 1464 612 1515 ut
628 1459 688 1516 lere
712 1476 828 1534 semper
847 1459 937 1516 aeram
955 1460 1089 1534 spuriam
1103 1459 1231 1535 aliaque,

162 1566 200 1624 ad
224 1566 305 1637 leges
329 1563 554 1639 permutationis
581 1564 713 1639 pertinet.
765 1565 826 1623 Uno
857 1570 953 1623 autem
984 1565 1048 1624 loco
1074 1567 1128 1623 hac
1158 1567 1232 1624 scri-

164 1671 250 1731 bendi
274 1672 385 1729 ratione
409 1689 488 1728 error
504 1676 591 1728 natus
613 1677 667 1742 est,
692 1690 758 1729 nam
773 1671 812 1730 ΙΙ.
831 1673 904 1744 lat
933 1691 986 1747 pro
1003 1673 1105 1730 Pretor
1123 1673 1232 1731 Precor

162 1799 180 1837 a
203 1778 319 1837 librario
342 1778 372 1835 in
396 1782 565 1836 contextum
590 1783 637 1835 est
658 1784 817 1854 receptum.
848 1779 955 1837 Contra
971 1779 1008 1836 ad
1025 1780 1231 1855 orthographi-

163 1905 225 1944 cam
251 1903 311 1943 rem
336 1884 484 1959 pertinent
506 1883 595 1941 etiam
619 1884 674 1942 hae
697 1885 904 1960 proprietates:
933 1886 1051 1961 saepius
1078 1886 1112 1943 alr
1138 1905 1192 1962 pro
1218 1908 1232 1945 r

163 1993 299 2051 scribitur
321 1996 354 2048 ut
377 1991 523 2048 orchodiis
547 1991 688 2049 lactarium
710 1998 740 2050 et
763 1998 773 2049 t
796 1993 906 2068 duplex
935 2011 988 2068 pro
1012 1992 1138 2068 simplici
1163 1999 1173 2050 t
1198 2000 1232 2053 ut

163 2100 192 2157 in
230 2098 312 2155 littus
348 2103 379 2155 et
411 2115 529 2172 semper
560 2098 673 2172 appollo
711 2098 859 2174 duplicem
892 2118 911 2175 p
942 2099 1069 2157 litteram
1099 2102 1231 2174 praebet,

163 2225 280 2283 semper
317 2205 478 2280 simplicem
519 2205 634 2278 iupiter.
695 2203 768 2262 Vide
807 2205 881 2262 intra
920 2206 956 2263 de
994 2207 1230 2283 orthographicis

162 2313 292 2372 tabellas.

251 2456 339 2512 Porro
371 2453 413 2528 ad·
440 2452 639 2528 orthoepicam
673 2471 735 2510 rem
767 2454 908 2529 pertinet,
946 2455 1023 2530 quod
1053 2473 1076 2528 p
1110 2455 1231 2531 saepius

162 2569 229 2638 post
240 2581 271 2618 m
285 2561 425 2619 inseritur
438 2565 470 2618 ut
481 2560 696 2634 oontarrrpuitm·
708 2560 864 2635 columpna
879 2560 994 2637 aliaque
1006 2567 1035 2619 et
1053 2561 1230 2639 plerumque

161 2670 174 2726 i
196 2687 247 2744 pro
270 2688 289 2742 p
314 2667 456 2725 scribitur.
504 2666 578 2724 Vide
601 2666 718 2724 ibidem.

250 2809 500 2886 Interpunotionis
524 2809 628 2884 signis,
653 2815 685 2867 ut
712 2811 784 2868 haec
812 2830 928 2887 «piloque
952 2812 1054 2887 paucis
1076 2812 1229 2887 attingam,

160 2919 297 2978 librarius
320 2917 401 2975 nulla
424 2922 503 2974 certa
526 2917 637 2974 ratione
666 2917 768 2975 utitur.
817 2918 913 2976 Etiam
938 2919 992 2976 hac
1016 2919 1046 2976 in
1069 2937 1100 2977 re
1124 2919 1228 2995 Peperi

161 3026 335 3085 sententiam
360 3041 473 3099 sequor,
497 3023 547 3098 qni
571 3027 656 3098 putat
679 3043 797 3081 manum
823 3025 982 3082 secundam
1006 3024 1034 3081 in
1064 3024 1110 3082 nis
1134 3025 1229 3100 signis

160 3131 303 3207 ponendis
335 3136 479 3188 versatam
510 3146 584 3186 esse.
635 3129 733 3189 Nullis
764 3136 861 3189 autem
893 3131 949 3189 nisi
988 3131 1102 3189 duobus
1134 3132 1229 3206 signis

159 3236 296 3295 librarius
327 3236 431 3293 utitur:
463 3240 570 3309 puncto
603 3254 720 3311 semper
748 3255 836 3313 supra
869 3237 976 3296 lineam
1007 3238 1102 3313 posito
1126 3249 1169 3314 —’
1199 3245 1229 3298 et

161 3344 245 3418 signo
269 3341 477 3415 interrogativo
500 3345 552 3417 L,
576 3360 651 3417 quae
675 3343 757 3416 signa
781 3344 811 3401 in
836 3362 920 3401 versu
944 3345 1008 3419 ipso
1032 3344 1093 3402 iere
1122 3345 1230 3403 desunt

159 3456 189 3507 et
222 3449 396 3524 plerumque
431 3448 461 3504 in
493 3466 630 3506 versuum
666 3449 725 3507 line
761 3451 945 3526 maximeque
978 3457 1227 3526 pentametrorum

158 3559 314 3630 ponuntur.

248 3696 495 3770 Compendiorum
519 3703 617 3755 autem
643 3716 715 3756 usus
740 3699 895 3757 maximam
920 3701 1040 3775 praebet
1063 3700 1228 3759 inconstan-

159 3804 239 3874 tiam,
264 3820 329 3858 narn
356 3801 469 3859 nullum
492 3808 590 3860 exstat
614 3804 741 3872 verbum,
772 3806 850 3880 quod
875 3824 992 3882 semper
1015 3807 1118 3865 eodem
1142 3807 1228 3865 modo

159 3914 327 3982 usurpetur,
352 3913 382 3966 et
398 3909 551 3966 verborum
577 3910 684 3968 tonnae
700 3911 804 3986 plenae
820 3918 849 3969 et
866 3913 1037 3970 decurtatae
1060 3913 1228 3988 promiscue

158 4015 332 4072 scribuntur.
380 4015 540 4091 Dipthongi
566 4017 642 4074 enim
667 4037 698 4074 or
716 4023 745 4075 et
761 4037 794 4074 ur
814 4024 843 4075 et
867 4037 919 4093 per
943 4038 1032 4076 unum
1058 4039 1071 4075 r
1094 4019 1228 4077 vocalem
