2850 4686
522 345 718 402 -5-

87 539 237 599 fasciculis
260 559 313 615 por
336 558 367 598 se
391 540 605 598 verisimillima
629 540 717 599 etiam
743 540 837 614 magis
861 541 976 599 firmata
999 541 1062 600 erit.
1108 541 1154 598 In-

87 649 207 706 fuerunt
245 653 344 705 autem
386 666 448 705 mea
490 648 606 723 quidem
648 649 792 706 sententia
831 648 937 706 Catulli
977 653 1006 705 et
1045 648 1153 706 Tibulli

87 755 222 813 carmina.
272 755 355 812 Multi
381 756 457 813 enim
482 755 546 812 libri
573 755 674 830 scripti
701 756 871 813 recentioris
895 756 957 814 aevi
982 755 1153 814 coniunctos

88 863 143 920 hos
159 869 218 920 tres
241 868 343 938 poetas
361 863 497 919 offerunt.
530 863 702 921 Continebat
724 863 816 936 igitur
830 862 985 920 Lusaticus
1009 863 1152 938 quondam

87 987 145 1027 non
162 969 256 1028 solum
273 969 405 1044 Properti
423 969 576 1026 sedetiam
595 969 701 1028 Catulli
727 975 756 1027 et
770 968 877 1026 Tibulli
902 970 1038 1041 carmina,
1064 988 1152 1044 quam

87 1075 253 1151 opinionem
272 1076 359 1152 paulo
374 1076 538 1133 accuratius
554 1076 747 1151 disputemus.
773 1075 883 1134 Novem
901 1077 979 1133 enim
995 1076 1157 1152 quiniones,-

86 1182 112 1240 si
136 1182 355 1257 duodetriginta
373 1200 476 1240 versus
500 1181 624 1256 singulis
647 1182 761 1257 paginis
783 1183 947 1254 tribuimus,
971 1182 1152 1241 quxxxx

88 1306 191 1347 versus
238 1289 396 1364 postulant,
443 1288 559 1346 Catullo
601 1294 698 1346 autem
742 1289 988 1362 Mueuuxxvr,
1036 1289 1153 1348 Tibullo

89 1396 319 1455 MDCCCCXXI
343 1415 447 1454 versus
471 1397 615 1454 tribuendi
641 1402 717 1468 sunt,
748 1397 825 1454 unde
849 1415 988 1454 numerus
1013 1414 1152 1454 versuum

89 1501 303 1561 MMMMCICV
327 1503 462 1560 efficitur.
501 1503 611 1560 Deinde
635 1509 753 1578 propter
780 1504 893 1561 litteras
917 1504 1054 1576 initiales,
1078 1521 1153 1579 quae

87 1626 140 1683 per
163 1614 301 1684 quattuor
324 1627 461 1666 versuum
491 1611 618 1685 spatium
648 1616 822 1668 excrescunt
851 1611 985 1684 (duorum
1009 1610 1154 1686 inscripti-

87 1716 152 1773 onis
184 1722 214 1773 et
249 1716 373 1774 duorum
412 1718 588 1787 contextus),
632 1718 708 1775 inter
747 1718 861 1792 singula
897 1719 1023 1775 carmina
1061 1719 1154 1792 spatia

88 1824 221 1881 binorum
245 1841 382 1882 versuum
412 1824 652 1899 inscriptionibus
679 1807 786 1883 relicta·
805 1826 896 1883 inisse
922 1826 1030 1898 statuo,
1063 1843 1153 1901 quare

87 1929 202 1989 CCCIV
233 1931 366 1989 versibus
396 1950 535 1989 numerus
567 1950 704 1990 versuum
735 1937 867 2006 augetur.
918 1932 1019 2006 ltaque
1050 1949 1153 1989 versus

87 2037 394 2096 lluuuueumclx
421 2036 600 2097 Catullianos
624 2039 807 2096 Tibullianos
830 2039 927 2110 habeS,
956 2039 1006 2114 qui
1033 2039 1062 2095 in
1086 2037 1153 2095 illos

88 2164 192 2204 novem
221 2146 376 2222 quiniones
405 2146 447 2204 sic
475 2146 669 2204 distribuendi
694 2152 771 2218 sunt,
800 2153 834 2204 ut
858 2146 974 2205 Catullo
999 2146 1152 2221 quiniones

87 2254 218 2330 quinque
242 2255 411 2325 tribuamus,
435 2273 556 2330 quorum
582 2255 739 2328 nonaginta
763 2254 832 2312 tolia
856 2253 963 2311 litteris
986 2253 1153 2326 conscripta

87 2361 204 2431 fuerint,
229 2360 344 2418 Tibullo
368 2361 522 2436 quiniones
545 2367 691 2436 quattuor,
715 2378 837 2436 quorum
863 2366 928 2417 octo
952 2358 1020 2416 folia
1044 2358 1153 2416 litteris

87 2467 242 2525 caruerint.
299 2468 434 2531 Concedo
470 2473 569 2525 autem
607 2468 669 2525 fieri
708 2467 854 2542 potuisse,
894 2471 926 2523 ut
962 2484 1019 2523 non
1058 2463 1153 2522 solum

87 2573 241 2649 quiniones
264 2573 316 2631 sed
340 2574 427 2631 etiam
452 2574 656 2649 quaterniones
683 2575 712 2631 in
741 2575 796 2631 bac
823 2573 1014 2648 pessumdata
1043 2571 1153 2630 codicis

87 2685 169 2756 parte
192 2680 367 2753 exstiterint,
392 2681 435 2738 sic
459 2687 491 2738 ut
514 2681 543 2738 iu
568 2681 718 2756 Propertio
743 2682 797 2738 sub
826 2680 915 2737 linem
949 2680 1059 2736 iactum
1088 2695 1153 2735 esse

88 2787 231 2844 videmus.
281 2785 364 2858 Quod
405 2788 428 2845 si
466 2788 609 2862 ponimus,
645 2787 779 2845 loliorum
815 2805 972 2844 vacuorum
1012 2802 1153 2844 numerus

87 2893 273 2951 ‹leminuitun
302 2893 402 2969 ltaque
420 2894 443 2950 si
457 2894 532 2951 banc
544 2895 708 2968 opinionem
724 2895 912 2964 sustinemus,
927 2912 968 2951 sc.
986 2892 1154 2949 Lusaticum

87 3000 158 3058 olim
182 3000 340 3075 pleniorem
364 3001 454 3058 luisse
475 3008 634 3076 posteaque
651 3019 688 3057 ex
705 3019 739 3057 eo
763 3001 898 3075 demptos
923 3018 988 3057 esse
1004 2998 1153 3057 Catullum

87 3106 244 3179 Tibullum,
273 3113 306 3166 ut
331 3108 411 3166 solus
435 3108 606 3182 Propertius
635 3113 806 3182 tegumento
835 3106 894 3178 illo,
922 3125 981 3183 quo
1010 3106 1154 3176 videmus,

86 3213 295 3286 includeretur,
320 3215 391 3272 mim
416 3214 464 3271 illa
491 3215 653 3272 numeratio
677 3214 837 3271 litterarum
855 3215 920 3271 K-
932 3214 959 3271 a
973 3212 1155 3288 explanatur.

86 3319 148 3376 lam
173 3337 241 3376 vero
265 3326 393 3395 opponat
417 3321 561 3395 quispiam
591 3321 655 3377 fieri
686 3339 742 3377 non
772 3321 912 3395 potuisse,
943 3325 976 3377 ut
1006 3319 1035 3376 in
1060 3318 1156 3376 medio

86 3425 186 3483 codice
210 3425 277 3483 lolia
303 3445 390 3485 vacua
416 3427 659 3502 relinquerentur.
691 3426 750 3484 Sed
776 3413 849 3484 baec
873 3444 989 3502 quoque
1014 3424 1156 3482 dubitatio

87 3532 190 3606 paucis
213 3532 276 3589 tolli
303 3540 404 3608 potest.
451 3533 524 3590 Nam
550 3533 681 3607 Properti
712 3535 838 3590 carmina
870 3534 933 3608 ipsa
963 3533 991 3589 iu
1022 3531 1156 3588 lnrsatico

87 3638 232 3713 incipiunt
260 3640 289 3696 111
315 3640 408 3714 primo
437 3659 522 3696 vorsu
547 3641 632 3714 primi
657 3640 718 3696 folii
743 3640 891 3715 quinionis
915 3640 952 3708 K,
984 3638 1061 3695 unde
1090 3654 1157 3694 con-

85 3744 263 3803 cludendum
283 3764 349 3804 esse
373 3747 498 3803 arbitror
520 3748 608 3803 etiam
632 3749 761 3804 murnum
778 3747 884 3806 Catulli
901 3751 930 3803 ct
947 3744 1065 3816 Timoli,
1090 3760 1156 3798 cum

86 3851 194 3926 plenus
218 3853 312 3910 codex
328 3859 417 3922 esset,
438 3856 466 3909 111
494 3854 593 3927 primis
617 3854 701 3911 loliis·
711 3853 836 3911 alicuius
856 3852 1002 3929 quinionis
1018 3849 1156 3923 coepisse.

87 3957 243 4016 Praeterea
268 3959 400 4034 Properti
425 3961 626 4035 ‹praternionis
651 3960 745 4017 ultimi
774 3960 841 4017 folia
871 3959 1001 4035 quinque
1025 3960 1157 4013 extrema
