2850 4686
497 368 695 430 -9..

63 577 94 630 et
115 589 169 646 per
182 588 214 628 oe
229 588 262 627 oe
278 582 292 653 ξ
309 569 484 642 scribuntur,
497 567 604 627 deinde
618 567 687 638 dae,
701 567 805 640 domic,
817 567 933 625 domiue
944 593 984 618 =
996 566 1132 625 dominae

64 678 148 735 iuxta
164 675 350 752 reperiuntur
365 675 527 751 eodemque
543 675 628 733 modo
643 675 700 732 ribo
717 680 747 732 et
759 675 846 732 verba
857 674 980 750 aliaque.
1006 672 1131 732 Gravius

64 785 128 842 hoc.
181 781 307 841 Omnino
343 782 421 841 enim
454 781 692 857 compendiorum
723 799 794 839 usus
826 781 923 838 minus
954 781 1055 838 creber
1085 785 1132 838 est

64 909 160 966 neque
185 890 359 965 plerumque
383 889 436 946 uisi
461 888 575 946 duabus
600 888 636 946 de
660 888 758 946 causis
782 888 966 946 adhibentur.
1002 887 1130 960 Quarum

64 996 158 1072 prima
190 1001 237 1054 est
272 995 359 1071 spatii
390 995 494 1070 inopia.
547 994 651 1070 Ibique
680 1000 732 1052 aut
762 995 792 1052 in
818 995 913 1056 ⁸initiis
944 995 1129 1070 singulorum

64 1103 237 1176 carminum,
271 1103 319 1160 ubi
348 1102 463 1160 litterae
490 1102 617 1159 initiales
650 1103 778 1177 spatium
808 1120 945 1176 maguum
975 1102 1132 1160 absorbent

63 1216 122 1282 aut,
151 1210 244 1268 sicubi
274 1210 371 1268 verbis
399 1210 474 1267 falso
503 1209 619 1284 scriptis
648 1227 749 1267 versus
777 1210 919 1267 exuberat
948 1208 1133 1284 spatiumque

64 1316 250 1375 contrahitur
285 1322 315 1375 et
350 1315 513 1375 litterarum
555 1316 706 1390 augustiae
746 1321 917 1387 nascuntur,
958 1298 1133 1391 compendia

64 1423 262 1483 cumulantur.
310 1423 417 1482 Prioris
444 1423 486 1481 rei
517 1423 658 1499 optimum
687 1428 733 1480 est
760 1422 926 1499 exemplum
949 1423 1062 1480 initium
1087 1440 1132 1480 se-

64 1529 154 1588 cundi
179 1529 259 1588 libri:

229 1642 354 1796 Oucit‘
379 1736 427 1794 un’
457 1715 478 1796 il
504 1730 601 1794 tocies
618 1736 744 1794 scribat*
767 1730 871 1794 aruoes

282 1843 337 1900 Vn‘
363 1843 417 1901 me'
442 1845 541 1900 ueniat
565 1842 644 1900 moll'
666 1853 680 1901 ῑ
705 1861 754 1900 ora
778 1842 853 1900 liber

279 1976 345 2034 Non
369 1977 397 2034 li'
423 1976 546 2052 calliope
570 1987 609 2035 no
636 1978 669 2034 he
694 1957 716 2036 l]
741 1983 824 2036 catat
842 1977 959 2053 appollo

278 2083 406 2158 ingeniti
431 2083 496 2141 nob'
521 2088 572 2159 ipa
595 2083 695 2159 puella
719 2085 789 2142 fucit

65 2208 173 2266 deiude
208 2212 240 2266 ut
274 2208 396 2267 alterius
432 2227 548 2284 quoque
583 2209 624 2266 rei
660 2209 828 2284 exemplum
861 2210 996 2279 afferam,
1034 2209 1135 2267 videas

65 2314 89 2372 I.
115 2317 210 2386 3,13:

155 2421 193 2478 ut
230 2416 368 2498 ‹pramuis
390 2421 500 2496 duplici
534 2427 697 2497 correptum
736 2428 875 2498 correpta
909 2423 997 2480 altine
1032 2423 1133 2480 iubent

64 2583 204 2641 Ceterum
220 2583 388 2641 notissimae
403 2582 472 2640 illae
491 2583 612 2641 voculae
628 2589 653 2640 et
664 2585 739 2641 :a
756 2606 788 2663 q,
802 2610 842 2634 =
854 2581 1012 2658 quoo'pae,
1035 2583 1081 2657 qd'
1092 2608 1132 2632 =

64 2689 152 2765 qood,
177 2688 351 2765 T1=qoum
375 2688 491 2765 aliaque
507 2690 680 2765 saepissime
704 2709 757 2766 per
770 2690 942 2766 compendia
958 2689 1134 2748 scribuntur.

64 2795 179 2868 Quibus
210 2797 247 2854 de
279 2798 367 2855 rebus
396 2796 497 2872 Peperi
531 2797 706 2855 senteutiam
736 2803 845 2855 rectam
875 2815 941 2855 esse
972 2803 1051 2873 puto,
1083 2796 1133 2872 qui

63 2903 194 2961 affirmat
222 2903 252 2960 in
280 2903 353 2961 libro
389 2922 477 2980 quem
505 2905 663 2980 exscripsit
696 2905 846 2963 librarium
877 2903 1048 2979 compendia
1077 2921 1133 2961 non

64 3009 159 3068 multa
182 3010 328 3069 invenisse
353 3029 456 3086 neque,
479 3011 536 3068 nisi
560 3029 681 3069 necesse
705 3012 802 3084 luerit,
825 3030 857 3069 ea
882 3010 1026 3069 intulisse.

155 3135 334 3211 Saepissime
364 3136 421 3194 duo
455 3137 541 3193 verba
572 3135 600 3193 in
629 3154 722 3193 unum
754 3136 828 3193 falso
857 3140 1003 3194 contracta
1032 3140 1134 3211 postea

65 3241 191 3317 virgulis
214 3242 393 3300 dividuntur.
424 3241 485 3314 Qua
510 3243 538 3300 in
556 3260 586 3300 re
610 3242 756 3300 interdum
774 3248 851 3300 errat
869 3243 904 3316 is,
928 3245 978 3318 qui
1004 3242 1134 3317 virgulas

64 3349 174 3424 posuit,
186 3355 220 3406 ut
231 3349 282 3408 IV.
297 3351 346 3419 10,
356 3350 406 3423 26,
420 3351 469 3406 ubi
480 3350 660 3406 Nomentum
675 3368 778 3407 nomen
792 3350 942 3425 proprium
953 3350 983 3407 in
994 3350 1110 3407 Nomou
1121 3345 1135 3428 s

64 3461 130 3513 tora
146 3455 301 3514 dirimitur.
326 3457 438 3515 Deinde
454 3457 590 3515 librarius
613 3474 700 3532 saepe
723 3462 753 3514 et
775 3457 834 3514 (luo
859 3458 945 3515 verba
970 3475 1133 3532 perunum

64 3562 192 3637 scripsit,
216 3568 249 3621 ut
262 3563 337 3622 falsa
354 3563 440 3622 lectio
459 3564 573 3635 evadat,
590 3570 622 3621 ut
640 3563 662 3621 l.
683 3565 779 3636 11,]7
810 3565 885 3621 Ante
906 3582 959 3639 pro
981 3565 1031 3620 Aa
1054 3568 1087 3636 te,
1111 3563 1134 3620 Ι.

66 3670 167 3742 16,22
184 3669 316 3746 lampido
328 3689 380 3746 pro
401 3671 438 3728 In
454 3671 556 3746 tepide,
572 3671 612 3729 ll.
630 3671 680 3743 25,
693 3672 733 3728 30
758 3670 880 3728 Intoeito
901 3689 954 3746 pro
977 3669 1015 3727 lu
1039 3670 1132 3738 locata,

63 3774 119 3836 111.
132 3778 209 3844 5,45
228 3777 389 3835 Inmiseros
400 3796 453 3854 pro
465 3776 502 3834 ln
516 3777 638 3834 unsaros
655 3783 685 3834 et
703 3795 792 3834 urium
810 3796 864 3852 per
880 3778 939 3834 duo
954 3782 988 3834 ut
999 3777 1021 3834 I.
1037 3778 1132 3848 16,25

66 3883 120 3941 Sol
142 3902 160 3939 a
188 3902 241 3959 pro
260 3883 336 3956 Solo,
358 3884 409 3942 IV.
426 3887 455 3957 4,
469 3886 506 3942 91
534 3884 570 3940 Iu
588 3885 677 3957 pestis
696 3903 747 3958 pro
764 3884 897 3958 lupestr's.

155 3989 252 4048 Aliam
275 4009 392 4067 quoque
415 3991 626 4066 proprietatem
650 3990 778 4048 Lusatici
804 3991 932 4066 Peperus
962 3991 999 4049 att
1025 3995 1131 4049 statum
