2850 4686
607 397 805 452 ..4-

173 592 238 651 libri
263 593 364 650 charta
388 593 573 649 membranae
597 591 700 648 similis
724 597 754 649 et
778 610 883 666 magna
908 611 976 649 oum
999 610 1067 649 eitra
1096 591 1185 667 polita
1210 599 1243 651 et

170 698 256 757 lineis
279 699 422 756 instructa
448 704 494 755 est
517 699 565 770 ita,
598 704 629 755 ut
653 704 682 755 et
714 699 841 774 spatium
870 698 1031 773 scripturae
1059 699 1241 757 destinatum

170 825 186 863 a
210 805 339 879 margine
363 805 439 862 linea
464 805 574 862 directa
603 805 752 862 dividatur
775 812 804 862 et
836 805 928 862 lineae
952 805 980 862 in
1012 824 1097 862 usum
1126 805 1243 864 littera-

172 932 234 971 rum
268 913 375 971 adsint.
430 912 565 970 Continet
597 913 691 970 oouex
724 913 870 986 octoginta
904 913 962 969 duo
996 913 1076 981 lolia,
1111 932 1239 989 quoium

171 1021 357 1096 septuaginta
389 1022 443 1078 tria
478 1021 623 1094 scriptura
655 1020 775 1095 impleta
809 1025 877 1077 sunt
909 1021 956 1091 ita,
990 1027 1022 1077 ut
1052 1021 1081 1077 in
1113 1021 1240 1095 singulis

169 1127 283 1203 paginis
313 1127 531 1201 duodetriginta
564 1145 666 1184 versus
697 1133 820 1184 exstent.
872 1125 952 1198 Quae
983 1127 1050 1184 folia
1082 1127 1240 1186 distributa

171 1234 287 1292 suntin
304 1252 391 1291 mrum
409 1234 561 1304 bulionem,
586 1252 622 1291 ex
646 1252 704 1308 quo
721 1234 793 1291 liber
810 1234 921 1308 incipit,
947 1241 1057 1308 septem
1075 1234 1241 1308 quiniones

170 1341 219 1417 qui
254 1341 378 1398 mediam
411 1348 524 1415 partem
560 1341 704 1412 obtinent,
738 1341 959 1415 quaternionem
994 1360 1083 1398 unum
1115 1342 1143 1397 in
1176 1341 1241 1399 fine

171 1448 309 1524 positum.
357 1447 414 1523 Sed
440 1447 583 1505 binionem
608 1446 690 1503 illum
716 1453 816 1521 postea
838 1448 970 1505 additum
994 1466 1059 1505 osse
1083 1448 1240 1523 eompluri-

172 1556 225 1612 bus
254 1554 350 1613 eausis
378 1571 519 1628 apparere
549 1552 618 1610 mihi
634 1580 637 1586 ·
651 1553 775 1611 videtur.
822 1553 897 1611 Nam
926 1573 983 1610 non
1012 1554 1107 1612 solum
1136 1556 1240 1614 charta

170 1663 232 1737 ipsa
258 1661 406 1718 diversum
428 1660 562 1718 habitum
588 1662 717 1735 praebet,
742 1661 795 1718 sed
820 1661 907 1719 etiam
932 1661 980 1718 lrio
1005 1663 1081 1720 binio
1105 1664 1241 1738 ‹pramris

170 1769 199 1825 in
228 1768 310 1825 initio
340 1767 404 1824 libri
434 1767 546 1841 positus
579 1772 676 1825 tamen
701 1768 816 1824 omnino
841 1768 986 1843 scriptura
1012 1787 1065 1827 nee
1089 1787 1145 1826 non
1177 1769 1240 1827 illis

171 1875 257 1946 notis,
272 1874 379 1949 quilurs
393 1873 547 1949 quiniones
563 1881 592 1932 et
607 1874 757 1950 quaternio
774 1881 972 1946 munerantur,
989 1881 1076 1934 earet.
1103 1876 1238 1934 Carmina

170 1981 263 2056 igitur
281 1981 398 2037 demum
413 1980 441 2036 in
466 1981 560 2055 primo
585 1981 654 2039 lolio
679 1983 764 2056 primi
789 1981 936 2057 quinionis
952 1982 1100 2039 exordium
1118 1982 1240 2057 capiunt

170 2093 200 2145 et
219 2086 363 2163 usquead
389 2087 509 2145 tertium
534 2087 634 2145 lolium
660 2088 860 2164 quaternionis
884 2089 1038 2164 pertinent.
1070 2092 1143 2147 Sunt
1165 2090 1240 2148 haee

170 2195 282 2268 integra
306 2194 439 2269 Properti
463 2195 599 2253 earmina.

258 2303 319 2361 Iam
356 2321 424 2361 vero
463 2303 583 2361 ultimae
621 2303 804 2378 singulorum
843 2304 1013 2378 quinionum
1048 2303 1171 2379 paginae
1207 2305 1237 2362 in

169 2410 287 2485 angulis
301 2410 368 2467 imis
393 2411 502 2485 primas
522 2410 641 2469 voculas
665 2410 811 2486 quinionis
836 2410 1016 2486 sequentiae
1040 2410 1133 2485 prima
1150 2429 1236 2468 mann

169 2518 279 2592 positas
312 2518 464 2592 praebent,
498 2517 605 2575 deinde
633 2517 785 2594 quiniones
817 2535 853 2575 ne
884 2517 1083 2574 numeratione
1115 2517 1236 2593 quidem

169 2630 278 2695 oarent,
302 2642 368 2680 nam
392 2627 422 2680 in
442 2624 554 2682 eisdem
575 2624 693 2699 angulis
716 2624 832 2682 litterae
850 2624 982 2697 singulae
998 2624 1150 2699 appositae
1166 2631 1236 2682 saint

168 2749 183 2787 a
205 2730 238 2787 K
251 2730 393 2805 usquead
411 2731 439 2788 a.
453 2736 482 2788 et
499 2731 536 2788 ita
554 2731 682 2806 rprirlem,
701 2736 733 2787 ut
754 2730 849 2787 littera
867 2748 1000 2805 quaeque
1016 2748 1073 2787 non
1092 2730 1187 2788 solum
1207 2730 1236 2787 in

148 2906 152 2911 ‚
168 2837 262 2912 prima
274 2837 416 2912 eiriusque
429 2837 575 2913 ‹prinionis
587 2837 693 2912 pagina
706 2842 811 2907 exstet,
825 2837 877 2893 sed
891 2837 978 2894 otiam
992 2836 1020 2892 in
1034 2835 1235 2911 compluribus

168 2944 353 3019 sequentium
382 2944 545 3002 inveniatur
569 2944 698 3000 numeris
726 2946 749 3000 l.
776 2944 802 3000 2.
832 2950 861 3001 et
884 2944 981 3001 littera
1008 2943 1234 3017 o(=Qnini0)

167 3051 295 3109 odientis.
325 3051 410 3108 Hune
435 3050 644 3108 numerationis
668 3069 752 3108 usum
778 3051 806 3107 iu
836 3050 1023 3125 quinionibus
1047 3051 1233 3107 obseruatum

167 3158 253 3216 otiam
286 3159 315 3215 in
348 3158 536 3234 ‹purteruioue
569 3163 715 3232 postremo
747 3157 912 3215 adhibitum
942 3156 1082 3228 videmus
1117 3175 1173 3213 non
1206 3157 1235 3213 in

170 3264 284 3322 binione
308 3272 339 3322 ut
363 3264 418 3320 iarn
444 3264 554 3321 dietum
580 3271 635 3321 est.
671 3263 774 3321 llirnm
799 3270 896 3321 autem
916 3282 980 3321 osse
1005 3263 1128 3337 videtur,
1153 3264 1232 3338 quod

168 3370 302 3428 librarius
340 3371 368 3427 in
404 3371 457 3428 liae
490 3370 637 3428 notatione
668 3390 683 3426 a
714 3370 810 3428 littera
836 3370 869 3428 K
889 3388 983 3446 neque
1019 3389 1035 3428 a
1071 3370 1169 3428 littera
1196 3372 1233 3441 A,

166 3496 241 3553 quae
269 3479 361 3553 prima
394 3478 421 3534 in
453 3477 553 3535 ouline
583 3478 747 3535 litterarum
775 3484 828 3549 est,
858 3478 973 3535 initium
1003 3478 1122 3553 oeperit,
1154 3477 1236 3552 quod

166 3592 276 3643 temere
306 3586 415 3642 laetum
446 3604 512 3643 esse
541 3604 596 3642 uon
624 3591 728 3660 potest.
768 3584 845 3657 Quid
870 3585 936 3642 inde
966 3590 1105 3660 sequatur
1127 3584 1231 3658 paucis

166 3693 379 3750 demonstrabo.
413 3692 523 3749 littora
553 3693 587 3749 K
605 3693 681 3749 urim
704 3693 732 3748 in
763 3692 924 3750 litterarum
957 3691 1056 3748 ‹mlino
1087 3690 1234 3747 decimum

166 3800 260 3857 locum
272 3804 460 3874 tenet-quare
468 3817 568 3856 novem
581 3801 737 3875 ‹priniones
748 3799 793 3856 vel
803 3799 1011 3874 quaterniones
1022 3798 1235 3872 praernsseriut

167 3923 286 3964 neeesse
308 3913 362 3965 est.
395 3906 470 3979 Quid
497 3925 563 3963 uma)
588 3908 614 3963 in
640 3907 699 3964 illis
723 3906 912 3982 quinionibus
929 3904 1071 3980 seriptum
1095 3903 1171 3960 luit?
1202 3903 1234 3960 ld

166 4015 244 4074 eriim
268 4015 293 4073 si
315 4015 485 4074 conicienda
509 4016 703 4092 assequimur,
728 4015 868 4073 sententia
896 4014 959 4090 ipsa
988 4012 1025 4072 de
1050 4011 1093 4071 [Χ
1117 4011 1236 4070 omissis
