2850 4686
706 427 925 485 „gg-

284 626 347 680 tum
371 622 522 698 praebere,
540 640 628 697 qnam
652 621 689 679 ad
713 639 774 681 rem
801 622 832 679 bi
861 623 919 680 fere
943 621 1000 680 looi
1025 621 1185 698 pertinent:
1217 620 1355 693 113‚‘24

285 728 440 801 Andriklos,
481 728 558 804 quod
592 746 680 804 snpra
715 728 773 786 iam
801 728 878 787 inter
906 733 1090 787 correcturas
1118 728 1357 787 commemor-axi.

285 854 360 912 bane
390 870 506 929 qnoque
537 853 574 911 ad
607 870 667 911 rem
698 858 819 930 speetat.
872 853 947 911 Nam
977 853 1116 912 librarius
1145 848 1290 926 Ardidaa,
1326 853 1356 910 id

284 959 362 1037 qnod
386 959 493 1034 ΝΜ)
518 959 667 1032 exhibent,
691 959 817 1018 seribere
840 960 945 1036 eoepit,
975 960 1082 1018 deinde
1106 961 1134 1017 in
1157 961 1271 1018 Aridus
1296 961 1362 1017 Dr

284 1067 418 1124 oudinum
444 1066 618 1143 scripturam
647 1067 723 1126 inter
747 1067 934 1126 seribendum
959 1068 1095 1126 correxit.
1142 1067 1237 1126 Simili
1265 1069 1357 1126 inodo

285 1173 410 1231 mediam
447 1173 622 1249 seripturam
658 1173 735 1232 inter
766 1193 787 1231 x
819 1179 850 1231 et
881 1193 901 1248 y
935 1174 963 1231 in
997 1175 1025 1232 L
1058 1174 1158 1232 codiee
1190 1175 1355 1232 exhibitam

285 1279 417 1338 videmus
445 1279 472 1338 ll
504 1281 603 1353 2b,42
628 1280 719 1354 (larris,
744 1299 809 1338 enm
834 1281 912 1338 (tried
928 1281 965 1354 N,
989 1300 1026 1339 ex
1050 1299 1108 1357 quo
1127 1282 1154 1338 L
1169 1283 1238 1338 an?
1261 1283 1358 1357 scrip

286 1391 382 1446 turam
414 1387 554 1463 sumpsit,
585 1392 615 1445 nt
646 1387 738 1445 (tatum
763 1388 851 1446 [ΠΤ
877 1388 1002 1446 tradant.
1050 1388 1078 1446 II
1104 1376 1205 1462 29',41
1238 1389 1358 1446 cocstede

284 1499 374 1553 reaten
406 1495 430 1553 L
461 1514 492 1552 nn
525 1497 538 1553 1
570 1495 631 1570 (ll),
665 1495 748 1554 (trtius
785 1495 921 1581 lectionis
954 1496 1080 1571 priorem
1110 1501 1223 1571 partem
1255 1514 1296 1554 ex
1327 1497 1365 1554 N

284 1602 394 1676 eodiee,
410 1603 600 1679 posteriorem
617 1620 653 1659 ex
670 1602 700 1660 ld
710 1603 818 1676 nodiee,
838 1604 884 1661 vel
905 1603 1003 1679 potius
1020 1610 1173 1679 utramque
1189 1621 1227 1660 ex
1242 1622 1262 1660 x
1280 1609 1312 1660 et
1327 1622 1357 1677 ς.

285 1710 404 1788 recepit.
437 1710 547 1769 Deinde
564 1709 607 1767 III
629 1710 728 1782 12,35
754 1716 851 1768 unetos
869 1711 894 1767 L
910 1710 996 1769 leetio
1021 1710 1181 1786 composita
1199 1715 1246 1768 est
1269 1728 1311 1767 ex
1327 1711 1365 1768 X

285 1818 392 1877 eodieis
413 1817 535 1876 lectione
551 1836 636 1875 oretis
651 1823 681 1875 et
696 1823 787 1891 ortus,
806 1817 835 1875 id
855 1818 932 1893 qnod
947 1818 975 1875 Ι)
982 1818 1008 1874 1⁷
1020 1818 1169 1892 praebent,
1190 1817 1357 1894 eodemque

286 1925 369 1983 inodo
385 1926 494 1983 laetum
506 1930 552 1982 est
564 1924 606 1982 IV
621 1926 649 1998 2,
659 1923 699 1983 34
714 1925 835 1982 attician-
852 1925 876 1982 L
893 1944 923 1982 m
937 1927 959 1997 1,
975 1925 1076 1982 Fer-nor
1087 1925 1125 1997 N,
1145 1925 1273 1981 Faunae
1286 1925 1356 1996 ΗΓ,

284 2031 326 2089 lV
354 2034 380 2103 7,
394 2033 432 2090 7‘2
457 2030 588 2088 <elisatam
615 2032 648 2103 L,
678 2031 820 2089 bistonides
842 2032 880 2103 N,
905 2032 1030 2090 rloridos
1053 2053 1086 2111 φ,
1118 2031 1160 2089 IV
1182 2033 1257 2104 nel
1287 2051 1357 2089 ariao

286 2138 319 2209 L,
333 2137 403 2194 arrio
420 2136 456 2200 Ν,
473 2137 560 2194 iterun
573 2160 606 2216 (p,
628 2137 694 2197 vide
707 2139 763 2196 tab
777 2137 827 2196 Vl.
852 2137 987 2214 Denique
1001 2139 1038 2197 de
1054 2139 1097 2196 IV
1112 2140 1166 2212 3,1
1187 2139 1358 2196 ilerethusa

288 2261 312 2319 L
348 2280 441 2337 patrea
480 2262 630 2321 addamus.
690 2263 751 2320 Hoe
790 2263 867 2321 enim
909 2263 973 2322 loeo
1007 2270 1058 2323 aut
1095 2263 1198 2322 calami
1223 2263 1357 2342 lapsum

287 2367 411 2441 librarii,
445 2368 494 2445 qni
525 2388 543 2426 0
573 2369 699 2428 litteram
733 2369 805 2428 false
835 2370 880 2429 bis
908 2371 1022 2446 posuit,
1053 2377 1157 2446 postea
1185 2390 1204 2428 0
1228 2371 1356 2429 alteram

285 2473 401 2544 delevit,
422 2479 481 2547 ruit,
506 2475 582 2550 ‹puud
599 2493 653 2550 ego
669 2475 790 2551 quidem
806 2477 941 2550 arbitror,
967 2477 1213 2552 significationem
1230 2476 1357 2552 originis

287 2581 311 2638 L
335 2580 444 2639 eodiois
460 2600 497 2640 ex
516 2581 629 2641 duobus
648 2583 867 2659 exemplaribus
892 2586 986 2643 factae
1001 2603 1159 2660 agnoscere
1183 2597 1357 2661 possumus.

287 2687 361 2746 Nam
386 2689 514 2764 primurn
539 2689 680 2748 initialem
705 2689 832 2749 litterum
857 2693 884 2749 A
908 2697 942 2749 ut
965 2692 993 2749 in
1018 2715 1042 2771 φ
1067 2697 1173 2766 exstat,
1198 2691 1357 2750 librarium

285 2794 447 2870 snripsisse,
481 2795 589 2854 deinde
621 2796 748 2854 alterum
781 2797 932 2873 exemplar
962 2817 982 2854 x
1015 2798 1118 2856 elassis
1150 2789 1268 2870 adiisse,
1304 2799 1358 2856 ubi

287 2901 450 2959 [narniense
481 2903 598 2975 invenit,
636 2908 848 2979 proptereaque
878 2923 896 2960 n
928 2904 1073 2979 duplicem
1105 2904 1240 2980 posuisse
1271 2911 1358 2978 puto.

373 3008 434 3067 Hos
449 3015 547 3068 utitem
570 3011 659 3082 loeos,
684 3028 758 3086 quos
778 3011 934 3069 ostendere
958 3011 1101 3069 oontendo
1117 3011 1145 3068 L
1169 3009 1303 3068 codicem
1318 3029 1360 3069 ex

285 3116 400 3200 ‹luobus
429 3117 649 3193 exemplaribus
677 3117 872 3193 compositum
897 3135 971 3191 esse,
1001 3118 1137 3193 Peperus,
1166 3116 1218 3192 qui
1245 3117 1274 3174 L
1300 3119 1359 3175 ori-

284 3223 380 3295 ginem
405 3242 443 3281 ex
468 3242 524 3281 une
548 3224 628 3282 fonte
653 3225 818 3300 sumpsisse
835 3224 972 3296 atiinnat,
996 3224 1036 3282 ita
1053 3223 1202 3299 explicare
1218 3231 1359 3296 conatur,

284 3337 317 3388 ut
350 3331 428 3389 dieat
460 3333 485 3389 L
514 3332 664 3390 librarium
698 3352 789 3390 unum
822 3331 974 3407 exemplar
1005 3331 1169 3390 describere
1199 3330 1254 3388 sibi
1289 3350 1360 3407 pro-

284 3438 418 3513 posuisse
445 3439 658 3515 consiliumque
692 3439 847 3513 diligenter
877 3438 1049 3514 perfecisse,
1082 3437 1138 3494 nisi
1170 3437 1250 3512 quod
1285 3457 1360 3497 non·

285 3544 373 3601 nullis
397 3545 477 3619 loeis,
502 3545 551 3603 ubi
576 3545 715 3603 leetiones
733 3546 776 3603 sui
794 3544 969 3621 exemplaris
986 3542 1158 3618 intellegere
1174 3546 1233 3601 non
1249 3547 1360 3619 potuit,

281 3670 321 3725 ex
340 3651 396 3720 alio
416 3654 496 3710 fonte
520 3653 659 3710 hauserit.
693 3652 779 3709 Hune
803 3671 919 3727 000000
940 3651 1045 3708 librum
1068 3651 1239 3733 seeundum,
1265 3672 1358 3728 quem

284 3738 453 3832 adhibebat,
489 3758 641 3816 librarium
675 3758 705 3815 in
741 3758 946 3815 distributione
980 3757 1153 3815 earminum'
1176 3757 1360 3836 plerumque

285 3871 415 3923 seeutum
432 3883 498 3923 esse
516 3865 609 3922 tribus
626 3864 698 3922 loeis
715 3866 855 3941 exeeptis,
882 3866 930 3923 ubi
944 3866 978 3923 N
989 3865 1098 3923 eodieis
1115 3865 1358 3926 distributionem

284 3972 405 4069 exhibet
435 3972 478 4044 (ll
508 3974 563 4046 27,
597 3972 622 4031 ll
650 3973 703 4041 29,
733 3972 777 4031 Ill
807 3974 927 4050 24,21)
958 3961 1091 4050 Peperus
1118 3960 1223 4031 benset
1260 3974 1359 4052 expli-
